2048 3275
788 239 1052 272 censuum.
1642 224 1694 271 11

156 380 300 430 vium
331 379 586 430 bellorum
615 389 832 430 eventus
861 380 1171 445 exploratur.
1242 381 1352 429 eius
1391 380 1557 444 gentis
1590 395 1704 427 cum

162 488 262 537 qua
303 472 496 522 bellum
541 482 616 522 cst
654 474 912 538 captivum
942 489 1147 537 quoquo
1177 471 1325 521 modo
1368 473 1705 537 interceptum

161 582 278 615 cum
318 566 478 615 electo
518 566 841 632 popularium
882 582 1091 615 suorum
1134 566 1310 630 patriis
1336 581 1595 629 quemque
1623 581 1707 613 ar-

159 659 254 708 mis
293 660 631 709 committunt.
690 660 897 708 victoria
939 660 1092 709 liuius
1124 659 1204 707 vel
1249 659 1383 707 illius
1423 674 1513 723 pro
1553 675 1704 723 prae-
1737 671 1787 706 25

159 750 347 801 iudicio
392 753 658 817 accipitur.

266 843 330 892 (le
390 845 676 895 minoribus
734 844 890 894 rebus
950 845 1211 909 principes
1269 844 1575 906 consultant,
1640 843 1784 897 den

160 937 439 987 maioribus
479 955 674 999 omnes,
728 939 793 986 ita
834 946 1004 986 tamen
1045 946 1103 987 ut
1141 954 1198 986 ea
1241 952 1444 1002 quoque
1485 953 1703 1001 quorum

159 1046 319 1095 penes
359 1030 563 1096 plebem
604 1031 873 1080 arbitrium
914 1039 990 1079 est
1030 1029 1168 1095 apud
1207 1031 1466 1095 principes
1507 1039 1706 1094 pertra-

159 1131 376 1173 ctentur.
433 1132 634 1185 coeunt,
683 1125 778 1173 nisi
821 1123 949 1188 quid
987 1124 1249 1172 fortuitum
1279 1131 1328 1171 et
1367 1122 1594 1172 subitum
1626 1124 1707 1171 iu-

159 1215 303 1280 cidit,
363 1218 514 1266 certis
566 1216 779 1280 diebus,
838 1232 954 1265 cum
1004 1224 1091 1265 aut
1142 1216 1408 1265 incohatur
1459 1216 1577 1265 luna
1620 1223 1706 1265 aut
1739 1231 1760 1266 5

160 1309 432 1375 impletur:
487 1326 603 1358 nam
645 1308 859 1375 agendis
898 1308 1056 1358 rebus
1107 1310 1200 1357 hoc
1241 1310 1705 1373 auspicatissimum

160 1403 361 1452 initium
414 1402 646 1452 credunt.
730 1418 826 1451 nec
877 1400 1078 1452 dierum
1126 1419 1426 1466 numerum⁷
1498 1410 1554 1451 ut
1593 1419 1701 1463 nos,

159 1495 251 1546 sed
301 1497 525 1545 noctium
579 1503 894 1560 computant.
982 1497 1054 1544 sic
1094 1497 1425 1559 constituunt,
1473 1496 1545 1544 sic
1584 1511 1710 1543 con-

160 1587 364 1638 dicunt:
428 1606 528 1638 nox
568 1588 758 1638 ducere
798 1587 934 1637 diem
974 1587 1195 1638 videtur.
1279 1587 1411 1650 illud¹
1446 1606 1509 1637 ex
1548 1588 1708 1637 liber-

159 1690 259 1731 tate
287 1683 487 1746 vitium,
533 1681 672 1746 quod
700 1698 802 1730 non
832 1681 985 1730 simul
1013 1698 1107 1730 nec
1134 1690 1191 1731 ut
1220 1683 1341 1731 iussi
1371 1683 1702 1744 conveniunt,
1746 1697 1793 1732 40

160 1774 250 1825 sed
291 1783 340 1824 et
390 1775 518 1824 alter
555 1783 604 1823 et
644 1775 825 1824 tertius
875 1773 986 1824 dies
1037 1776 1358 1824 cunctatione
1412 1776 1706 1825 coeuntium

160 1867 463 1918 absumitur.
509 1875 565 1917 ut
603 1867 752 1916 turba
794 1867 999 1932 placuit,
1057 1867 1330 1917 considunt
1369 1869 1569 1917 armati.
1637 1869 1709 1916 si-

160 1961 375 2011 lentium
426 1976 518 2026 per
565 1959 883 2024 sacerdote5‚
943 1960 1133 2025 quibus
1184 1970 1293 2010 tum
1343 1971 1392 2010 et
1437 1960 1707 2010 coercendi

160 2056 239 2104 ius
279 2062 377 2118 est,
436 2055 734 2119 imperatur.
800 2069 916 2102 mox
972 2070 1061 2104 rex
1115 2054 1195 2103 vel
1247 2055 1513 2119 princeps,
1560 2063 1711 2119 prout

280 2287 347 2322 22.
387 2282 647 2334 exploratur
678 2283 724 2329 B,
773 2293 872 2322 corr
903 2293 958 2322 ea:
1000 2282 1259 2334 exploratur
1292 2283 1328 2330 b,
1375 2282 1601 2334 explorant
1642 2282 1708 2322 Cc.

279 2387 348 2422 23.
385 2384 610 2434 captiuom
636 2383 682 2421 B.
748 2360 790 2433 q⁰;
822 2383 865 2424 C.
933 2383 1195 2434 intc1·(·e1›tv;
1243 2394 1297 2421 eJ:
1319 2394 1343 2421 o
1368 2393 1467 2422 corr
1493 2381 1534 2422 C.

162 2485 230 2522 2¹0.
269 2493 434 2534 quenq;
461 2482 509 2521 B.
661 2485 728 2521 25.
768 2456 933 2523 iuiiiizio
965 2483 1014 2531 B,
1054 2482 1294 2534 preiuditio
1331 2483 1372 2523 C.
1530 2485 1600 2521 26.
1635 2493 1711 2520 ac-

161 2554 370 2606 cipipitur
397 2565 431 2593 c.

279 2628 345 2672 ll,
383 2628 421 2663 3.
458 2627 814 2675 praetraclentur
837 2636 872 2672 c,
917 2637 946 2681 p
982 2628 1023 2666 in
1054 2626 1298 2679 pirae-tetur
1330 2636 1432 2665 corr
1457 2624 1498 2673 C,
1536 2628 1711 2676 pertra-

163 2699 339 2737 ctentur
361 2699 487 2737 celeri
509 2696 607 2737 libri
628 2708 784 2736 omnes.
907 2700 947 2737 5.
984 2696 1221 2736 inchoatur
1243 2696 1316 2745 bc,
1354 2696 1589 2736 incohatur
1612 2693 1709 2749 Βρς.

281 2771 318 2807 6.
357 2767 618 2819 auspicandi
643 2777 871 2807 summum
895 2780 928 2808 c.
1066 2772 1103 2808 7.
1141 2769 1325 2807 inicium
1350 2768 1384 2808 b.
1531 2771 1567 2807 8.
1605 2778 1714 2806 con-

166 2855 322 2906 putant
352 2852 393 2894 C.
458 2854 493 2892 si
516 2853 790 2893 constituunt
819 2852 862 2894 C.
987 2856 1054 2892 44.
1090 2847 1281 2894 conatii}
1307 2855 1355 2903 B,
1391 2854 1631 2894 conlationi
1669 2852 1711 2893 C.

283 2927 347 2963 12.
388 2924 518 2964 turba
549 2923 804 2974 Gronovius,
842 2924 971 2964 turbe
997 2926 1043 2974 B,
1083 2924 1212 2975 turbe
1234 2924 1329 2965 ch.
1457 2929 1520 2964 43.
1558 2927 1650 2964 tum
1675 2935 1708 2972 c,

161 3005 263 3034 cum
292 2994 334 3044 C,
370 2998 520 3034 tamen
543 2995 619 3037 Bb.
682 2995 952 3037 cohercendi
981 2995 1047 3036 Cc.
