2048 3275
786 178 1047 211 (mamma.
1635 164 1688 213 21

145 320 360 385 hospitis
401 335 550 368 nemo
589 317 854 368 discernit.
924 319 1153 373 abeunti,
1201 321 1241 367 si
1286 319 1411 383 quid
1454 336 1700 385 poposce-

145 414 238 475 rit,
293 411 573 462 concedere
625 413 806 471 moris;
868 421 913 459 et
956 410 1196 476 poscendi
1253 413 1472 461 invicem
1514 411 1694 461 eadem
1734 424 1781 458 ⁴5

144 504 374 554 facilitas.
458 502 680 568 gaudent
724 504 1042 560 muneribus,
1097 503 1188 553 sed
1233 521 1325 554 nec
1366 504 1481 553 (lata
1526 507 1696 571 impu-

144 606 248 646 tant
309 613 402 645 nec
442 598 666 661 acceptis
705 596 1024 658 obligantur:
1083 597 1306 646 vinclum
1351 599 1483 646 inter
1523 598 1696 663 hospi-

140 697 217 739 tes
256 690 483 738 comitaS.

249 783 419 831 statim
461 799 488 831 e
529 797 723 843 somno,
782 798 936 846 quein
980 782 1286 847 plerumque
1332 785 1380 831 in
1422 783 1559 832 diem
1602 800 1694 833 ex·
1714 787 1781 829 22

141 875 374 938 trahunt,
437 875 698 924 lavantur:
765 876 970 940 saepius
1021 874 1210 937 calida,
1270 884 1321 924 ut
1375 875 1513 941 apud
1565 893 1693 941 quos

139 967 416 1032 plurimum
478 967 640 1016 hiems
696 977 924 1032 occupat.
1031 969 1153 1016 lauti
1212 967 1384 1017 eibum
1450 971 1686 1035 eapiunt.:

135 1069 402 1125 separatae
444 1060 660 1125 singulis
700 1059 850 1109 sedes
890 1069 937 1109 et
979 1077 1069 1110 sua
1098 1063 1284 1125 cuique
1317 1079 1509 1111 mensa.
1583 1071 1690 1111 tum

134 1151 202 1202 ad
243 1154 441 1218 negotia
485 1169 578 1202 nec
619 1154 790 1202 minus
830 1169 986 1218 saepe
1026 1152 1088 1202 ad
1131 1156 1364 1203 convivia
1404 1155 1688 1220 procedunt
1723 1173 1744 1208 5

132 1247 335 1295 armati.
406 1246 541 1296 diem
599 1254 906 1309 noctemque
945 1248 1244 1296 continuare
1299 1247 1523 1313 potando
1563 1248 1688 1297 nulli

138 1337 404 1403 probrum.
486 1339 715 1401 crebrae,
762 1349 812 1388 ut
858 1339 991 1387 inter
1029 1339 1348 1400 vinolentos,
1397 1342 1536 1389 rixae
1577 1357 1689 1389 raro

135 1432 397 1493 conviciis,
445 1433 650 1497 saepius
689 1431 847 1481 caede
887 1441 933 1480 et
964 1433 1270 1482 vulneribus
1310 1435 1683 1498 transiguntur.

131 1522 229 1573 sed
256 1532 307 1572 et
346 1522 410 1573 de
450 1524 843 1574 reconciliandis
872 1526 1095 1574 invicem
1129 1527 1349 1575 inimicis
1378 1535 1427 1575 et
1467 1528 1686 1592 iungen-

133 1614 213 1665 dis
252 1615 592 1667 affinitatibus
632 1627 677 1667 et
720 1617 1034 1668 asciscendis
1072 1619 1411 1684 principibus,
1459 1619 1522 1668 de
1561 1637 1686 1685 pace
1722 1638 1770 1673 4ο

131 1707 357 1773 denique
397 1727 455 1759 ac
486 1710 618 1759 bello
658 1711 965 1776 plerumque
1007 1713 1057 1760 in
1087 1713 1336 1761 conviviis
1370 1713 1678 1776 consultant,

132 1811 396 1866 tamquam
438 1804 577 1852 nullo
607 1805 767 1869 magis
808 1813 1035 1869 tempore
1076 1814 1157 1854 aut
1203 1804 1266 1854 ad
1297 1806 1559 1871 simplices
1599 1823 1685 1855 co-

129 1894 402 1958 gitationes
440 1905 608 1960 pateat
652 1898 854 1946 animus
906 1907 991 1947 aut
1033 1897 1098 1947 ad
1140 1915 1351 1963 magnas
1392 1899 1678 1949 incalescat.

127 2002 256 2051 gens
306 2003 406 2036 non
459 1998 622 2038 astuta
679 2005 771 2037 nec
823 1989 1003 2040 callida
1053 1992 1215 2055 aperit
1269 1991 1437 2041 adhuc
1487 2002 1681 2042 secreta

248 2192 314 2231 ⁴4.
350 2190 556 2242 hospitiis
574 2204 632 2243 pr·
653 2192 698 2233 C.
780 2195 1033 2245 poposcerit
1063 2192 1136 2248 633,
1174 2197 1432 2247 poposceris
1459 2197 1494 2240 (τ’
1537 2197 1572 2243 b,
1602 2209 1682 2248 po-

129 2267 371 2312 poscerunt
398 2263 444 2302 B.
639 2267 702 2304 46.
743 2264 930 2303 facultas
953 2278 988 2306 c.
1175 2270 1238 2305 ⁴7.
1278 2279 1358 2305 nee
1388 2275 1391 2302 ῑ
1424 2280 1503 2306 nee
1537 2271 1577 2306 in
1598 2271 1682 2320 fine

126 2333 303 2372 alterius
335 2339 371 2373 et
406 2336 444 2372 in
477 2337 594 2373 initio
627 2337 806 2374 alterius
828 2348 979 2376 versus
1005 2339 1048 2378 Β.
1145 2338 1339 2377 vim-tum
1368 2340 1676 2386 Lachmannns,

127 2404 272 2443 victus
296 2405 428 2445 13ch.
516 2408 631 2446 inter
663 2406 868 2446 homines
896 2408 943 2449 C.
1125 2413 1190 2449 48.
1228 2411 1418 2449 eomitas
1442 2411 1680 2450 Lachman-

127 2487 218 2523 ηαδ,
257 2477 400 2515 comis
426 2475 557 2516 Bch.

241 2551 310 2595 22,
352 2551 385 2588 t.
423 2560 445 2585 e
474 2546 566 2600 Cest.
603 2549 722 2587 enim
750 2550 818 2589 Bb.
913 2551 1162 2603 plerunque
1189 2565 1222 2591 c.
1383 2557 1421 2592 3.
1461 2554 1679 2605 plurimus

127 2617 289 2656 hiemis
307 2630 340 2658 c.
408 2619 566 2669 hyems
582 2619 659 2659 BC.
786 2623 823 2659 4.
852 2626 1053 2674 seperate
1080 2623 1151 2665 Bb,
1181 2629 1333 2679 sepate
1363 2623 1405 2664 C.
1532 2630 1569 2665 ὅ,
1599 2637 1680 2664 ne-

126 2689 250 2738 gocia
273 2689 343 2729 Bb.
469 2693 506 2729 7.
531 2691 569 2729 vi
591 2691 765 2730 nuletos
780 2691 821 2734 C.
947 2697 984 2732 8.
1012 2695 1221 2733 conuitiis
1238 2695 1339 2735 BCc.
1408 2698 1679 2745 transfigun-

126 2760 246 2800 turb.
371 2765 410 2799 9.
436 2762 515 2800 sed
539 2765 581 2800 e:
607 2762 677 2809 Bb,
705 2762 782 2801 sed
811 2762 873 2803 Cc.
943 2766 1243 2805 reconciliatis
1260 2766 1300 2806 C.
1367 2767 1612 2808 Iniinititiis
1631 2769 1674 2809 C.

216 2849 281 2884 to.
319 2846 624 2887 adsciscendis·
650 2848 727 2888 BC.
853 2851 918 2890 4⁴.
956 2851 1207 2902 plerunque
1233 2864 1267 2892 c.
1397 2858 1460 2893 ⁴2.
1501 2840 1604 2910 tant}
1630 2855 1674 2894 R.

215 2919 281 2956 43.
317 2921 482 2968 petatc.
610 2921 674 2958 Η.
703 2919 756 2958 ad
783 2920 869 2959 huc
888 2921 931 2962 C.
959 2922 1106 2962 adhuc
1133 2935 1168 2970 c,
1201 2924 1253 2963 ad
1289 2924 1369 2963 hec
1395 2925 1440 2971 Β,
1468 2926 1610 2966 adlice
1638 2927 1674 2966 b.
