1965 3255
298 599 613 638 Mauricius
647 597 951 648 Haupt-ius,
997 607 1099 635 cum
1142 607 1164 634 a
1204 595 1567 646 recognoscendo
1610 596 1772 634 iterum
1814 596 1899 635 hoc

185 676 337 716 libello
368 676 465 715 aliis
497 676 620 715 curis
643 675 934 722 detineretur,
970 675 1151 724 rogatus
1173 685 1197 712 a
1227 684 1299 712 rne
1334 672 1549 713 subsidiis
1581 684 1694 723 quae
1727 674 1771 712 in
1793 684 1899 712 eum

183 753 318 793 finem
360 753 414 793 ab
445 754 601 792 amicis
635 754 953 804 impetraverat
994 753 1058 791 uti
1089 751 1282 803 benigne
1315 752 1552 790 concessit.
1608 762 1752 790 unum
1792 762 1900 790 vero

184 831 274 870 fere
307 831 418 870 illud
450 831 560 870 mihi
605 831 830 881 agendum
862 841 960 869 esse
993 831 1148 868 censui
1191 832 1240 868 ut
1272 840 1385 880 quae
1418 830 1460 868 in
1494 828 1644 877 libris,
1680 840 1703 868 e
1736 828 1903 879 quibus

183 920 287 960 prae
320 909 482 948 ceteris
513 909 745 960 archetypi
778 908 1045 959 exemplaris
1090 909 1236 958 imago
1269 909 1457 958 ipsaque
1489 908 1627 946 Taciti
1657 906 1795 946 verba
1826 917 1902 946 re·-

183 986 374 1037 petenda
398 988 515 1034 sunt,
552 987 715 1038 scripta
737 987 1039 1035 inveniuntur,
1077 987 1120 1025 et
1150 986 1300 1025 verius
1323 988 1366 1024 et
1396 985 1574 1037 plenius
1597 996 1730 1036 quam
1753 984 1902 1024 adhuc

182 1074 324 1114 usque
357 1063 523 1103 factum
556 1067 624 1103 est
655 1064 895 1104 traderem.
948 1065 1069 1115 quod
1102 1064 1286 1115 quidem
1318 1063 1414 1102 fieri
1447 1064 1591 1115 potuit
1622 1064 1798 1113 egregia
1830 1063 1902 1103 di-

181 1141 361 1192 ligentia
393 1153 481 1192 qua
512 1141 753 1182 Adolfus
784 1142 1082 1182 Michaelis
1112 1143 1348 1181 vaticanos
1382 1144 1489 1181 ⁴862
1520 1143 1580 1192 (B)
1619 1144 1664 1181 et
1697 1144 1803 1181 4518
1834 1141 1896 1191 (C)

182 1223 222 1259 et
255 1220 369 1259 alius
402 1221 553 1259 nescio
588 1221 703 1271 quis,
740 1222 812 1259 cui
845 1221 888 1260 id
921 1219 976 1259 al)
1011 1221 1214 1260 Ottone
1257 1219 1455 1259 Iahnio
1493 1220 1754 1259 mandatum
1785 1221 1894 1268 erat,

183 1298 447 1337 Leidensem
482 1298 532 1347 (b)
567 1298 872 1346 contulerant,
928 1299 988 1337 ita
1029 1301 1078 1337 ut
1119 1298 1227 1348 quid
1269 1299 1534 1349 praesertim
1574 1298 1617 1336 in
1659 1298 1745 1337 hoc
1783 1297 1898 1336 libro

180 1376 306 1415 alteri
347 1377 497 1415 manui
541 1377 807 1417 correctoris
845 1376 913 1415 vel
948 1376 1289 1428 interpolatores
1325 1373 1378 1429 (β)
1416 1375 1657 1424 debeatur,
1692 1376 1779 1414 iam
1811 1376 1900 1415 du-

182 1454 303 1493 bium
337 1464 425 1493 non
458 1455 528 1493 sit.
594 1457 854 1505 praeterea,
904 1457 953 1493 ut
993 1464 1169 1493 errores
1202 1457 1246 1493 et
1285 1454 1563 1504 neglegentia
1594 1453 1778 1493 alterius
1808 1454 1899 1492 Ya-

182 1533 315 1571 ticani
351 1532 416 1582 (C)
449 1532 642 1583 quodam
674 1533 807 1572 modo
840 1534 1261 1583 compensarentur‚
1297 1532 1451 1571 addidi
1484 1532 1699 1572 lectiones
1731 1532 1900 1571 codicis

181 1609 460 1661 Neapolitani
487 1610 556 1660 (c),
593 1621 704 1661 quas
734 1611 829 1662 pari
863 1621 964 1660 erga
994 1621 1066 1649 me
1097 1609 1409 1650 benevolentia
1440 1609 1722 1650 Ernestus
1754 1611 1899 1649 Mar-

183 1689 341 1727 tinus
388 1692 432 1727 et
473 1688 692 1728 Ulricus
738 1688 793 1727 de
825 1687 1700 1728 Wilamowitz-Mollendorffin
1742 1699 1894 1728 meum

182 1776 314 1805 usum
347 1768 658 1806 enotaverunt.

353 1879 546 1919 Berolini
580 1879 623 1921 d.
658 1880 711 1917 VI
743 1890 802 1919 m.
830 1879 927 1918 Iulii
950 1879 1328 1919 MDCCCLXXIII.
