2048 3275
351 239 447 286 150
849 253 910 285 DE
951 238 1104 286 BELLO
1126 227 1379 286 'chTmeo

614 519 692 559 EX
722 519 1013 558 TREBELLH
1046 520 1330 561 POLLIONIS
1361 520 1611 560 CLAVDIO.

287 646 311 687 1
453 632 648 681 bellum
713 632 978 682 Gothicum
1041 649 1134 682 sua
1194 635 1380 682 virtute
1444 633 1676 693 confecit,

286 729 317 772 6
421 739 539 773 nam
578 732 635 773 ut
672 726 911 789 superius
950 724 1193 789 diximus,
1238 725 1475 790 *triginta
1500 725 1573 773 illi
1599 725 1762 789 Gothi,
1796 728 1884 791 qui

347 823 617 865 evaserant
656 832 713 865 eo
752 824 982 881 tempore
1023 832 1124 881 quo
1165 817 1276 866 illos
1325 818 1610 867 Marcianus
1649 825 1726 867 est
1763 834 1883 882 per-

345 916 565 972 secutus,
614 923 846 972 quosque
886 908 1133 958 Claudius
1173 910 1335 958 emitti
1374 925 1476 958 non
1517 911 1708 958 siverat
1745 926 1810 959 ne
1832 909 1885 959 id

345 1001 490 1049 fieret
527 1000 667 1065 quod
706 1001 942 1050 effectum
990 1010 1090 1064 est,
1138 1018 1317 1050 omnes
1356 1009 1533 1067 gentes
1572 1017 1782 1051 suorum
1822 1002 1887 1051 ad

288 1104 310 1140 5
344 1093 596 1141 Romanas
622 1094 967 1143 incitaverunt
1002 1093 1239 1158 praedas.
1321 1093 1548 1159 denique
1584 1094 1887 1159 Scytharum

345 1183 538 1233 diversi
601 1185 805 1250 populi,
870 1187 1048 1249 Peuci,
1114 1187 1367 1251 Grutungi
1405 1184 1717 1251 Austorgoti,
1764 1188 1888 1235 Ter-

345 1277 484 1341 vingi
523 1278 644 1341 Visi,
692 1277 944 1342 GipedeS,
991 1279 1163 1328 Celtae
1205 1280 1358 1328 etiam
1397 1285 1446 1327 et
1482 1279 1624 1327 Eruli
1662 1278 1887 1343 praedae

344 1368 621 1433 cupiditate
662 1372 715 1418 in
754 1371 1040 1420 Romanum
1080 1371 1246 1420 solum
1287 1377 1547 1420 venerunt
1593 1377 1746 1434 atque
1784 1371 1887 1419 illic

344 1461 592 1526 pleraque
632 1469 922 1526 vastarunt,
978 1462 1104 1512 dum
1144 1463 1255 1512 aliis
1294 1470 1570 1528 occupatus
1610 1470 1687 1512 est
1733 1462 1888 1512 Clau-

260 1566 311 1601 40
347 1551 463 1602 dius
490 1553 722 1618 dumque
744 1569 798 1603 se
832 1554 899 1603 ad
920 1554 972 1604 id
988 1555 1184 1604 bellum
1205 1555 1343 1620 quod
1369 1555 1586 1604 confecit
1611 1557 1889 1620 imperato-

342 1645 415 1693 rie
445 1647 669 1709 instruit,
712 1656 769 1695 ut
792 1646 1070 1696 videantur
1107 1647 1208 1696 fata
1234 1647 1461 1696 Romana
1485 1647 1608 1695 boni
1638 1648 1888 1712 principis

345 1739 676 1802 occupatione
722 1739 929 1788 lentata.
1022 1738 1114 1788 sed
1165 1739 1318 1788 credo
1368 1746 1426 1788 ut
1475 1738 1675 1788 Claudii
1732 1739 1887 1803 gloria

345 1828 665 1879 adcresceret
717 1833 933 1895 eiusque
990 1830 1137 1879 fieret
1191 1831 1452 1895 gloriosior
1517 1839 1618 1879 toto
1681 1832 1888 1895 penitus

343 1921 465 1970 orbe
504 1924 732 1971 victoria.
825 1930 1139 1973 armatarum
1191 1922 1418 1987 denique
1483 1924 1714 1987 gentium
1778 1931 1885 1971 tre-

284 2022 314 2066 7
348 2021 494 2062 centa
532 2016 714 2079 viginti
753 2016 893 2064 milia
927 2024 1051 2064 tunc
1088 2015 1250 2064 fuere.
1284 2044 1353 2051 —
1390 2021 1527 2064 extat
1570 2016 1734 2079 ipsius
1773 2016 1884 2079 epi-

343 2105 468 2154 stola
509 2107 663 2155 missa
703 2107 768 2156 ad
807 2115 1059 2170 senatum,
1107 2106 1325 2171 legenda
1365 2107 1431 2156 ad
1468 2106 1736 2171 populum,
1782 2121 1883 2170 qua

342 2196 535 2246 indicat
575 2198 638 2247 de
678 2215 893 2248 numero
920 2199 1274 2248 barbarorum.
1312 2227 1372 2233 —-
1415 2199 1506 2247 hos
1545 2199 1698 2262 igitur
1731 2198 1885 2247 Clau-

342 2289 459 2338 dius
498 2292 720 2355 ingenita
762 2292 846 2340 illa
887 2294 1075 2340 virtute
1115 2292 1393 2355 superavit,
1440 2292 1530 2339 hos
1576 2290 1724 2338 brevi
1751 2298 1884 2338 tem-

282 2395 307 2432 5
342 2397 462 2445 pore
503 2382 735 2445 adtrivit,
783 2382 847 2432 de
875 2384 952 2432 his
992 2385 1081 2432 vix
1118 2384 1317 2447 aliquos
1356 2381 1422 2431 ad
1459 2382 1682 2446 patrium
1721 2382 1884 2430 solum

344 2473 511 2522 redire
551 2477 796 2539 permisit.
831 2506 900 2511 —

458 2696 496 2741 6,
535 2697 572 2732 4.
611 2695 791 2744 triginta
814 2695 961 2734 delevit
988 2693 1203 2733 Gruterus
1321 2692 1461 2742 gotthi
1484 2692 1532 2731 Β.
1710 2693 1749 2729 2.
1786 2701 1884 2728 ma-

342 2763 522 2802 crianus
544 2765 625 2812 BP,
672 2776 771 2804 corr
797 2765 1069 2805 Casaubonus
1089 2768 1128 2803 et
1151 2764 1386 2803 Salmasius
1562 2765 1600 2800 3.
1649 2761 1695 2800 id
1716 2762 1880 2808 Petrus,

343 2833 452 2883 quid
624 2837 661 2873 5.
700 2836 985 2874 incitaverint
1197 2837 1235 2873 6.
1272 2834 1473 2884 trutungi
1551 2831 1887 2881 uirtinguisigy-

343 2904 482 2955 pedes
687 2909 726 2944 8.
763 2905 908 2944 solum
940 2906 983 2943 in
1014 2916 1107 2945 rem
1141 2904 1368 2956 publicam
1401 2904 1551 2943 delevit
1581 2903 1684 2941 haec
1717 2902 1887 2941 Salma-

344 2977 445 3014 sius.
619 2977 684 3014 44.
723 2978 997 3014 armatorum
1014 2976 1060 3014 Β.
1222 2978 1260 3022 7,
1297 2978 1338 3013 5.
1374 2974 1562 3025 patriam
1586 2973 1667 3020 BP,
1695 2983 1796 3011 corr
1817 2969 1883 3010 ΡΞ.
