2048 3275
511 219 534 251 ε
566 217 799 251 rourum!
828 217 984 250 ηειΛιε
1016 216 1157 249 tiano
1189 216 1260 248 ιιι.
1590 199 1647 248 Sl

117 359 345 408 incolunt
369 360 534 408 omnis
550 359 751 407 Comata
780 358 959 408 Gallia.
1005 357 1307 422 populorum
1338 357 1429 405 tria
1453 372 1653 404 summa

119 453 325 501 nomina
351 460 473 502 sunt
499 452 941 515 terminanturque
958 450 1127 500 lluviis
1151 448 1463 511 ingentibus.
1509 465 1655 497 nam-

120 560 267 608 quea
299 546 554 611 Pyrenaeo
576 542 640 593 ail
669 544 980 592 Garumnam
1009 542 1267 607 Aquitani,
1304 541 1368 590 ab
1391 559 1449 590 eo
1475 541 1538 590 ad
1562 545 1657 589 Se-

118 651 343 700 quanam
384 637 580 698 Celtae,
630 635 746 685 inde
792 635 856 685 ad
884 636 1117 684 Rhenum
1160 635 1415 699 pertinent
1459 634 1655 695 Belgae.

120 729 491 793 Aquitanorum
514 730 780 778 clarissimi
809 737 927 778 sunt
958 728 1128 786 Ausci,
1162 727 1416 777 Celtarum
1442 725 1652 775 llaedui.

122 821 388 886 Belgarum
423 823 659 884 Treveri,
700 821 958 886 urbesque
985 821 1401 886 opulentissimae
1443 821 1492 868 in
1538 821 1574 867 T
1580 835 1661 867 re—

122 915 258 963 veris
292 914 536 979 Augusta,
579 916 627 963 in
665 913 888 963 Haeduis
915 912 1372 979 Augustodunum,
1405 913 1454 961 in
1481 911 1661 961 Auscis

124 1006 539 1058 Eliumberrum.
578 1045 586 1055 .
626 1046 635 1055 .
679 1007 888 1056 Rhenus
919 1006 1136 1073 Alpibus
1169 1005 1415 1055 decidens
1435 1020 1592 1070 prope
1633 1023 1657 1052 a
1696 1016 1739 1051 ει

117 1102 283 1165 capite
323 1099 452 1150 duos
481 1101 620 1150 lacus
646 1101 813 1161 eflicit.
848 1102 1095 1150 Venetum
1127 1108 1176 1148 et
1202 1098 1477 1148 Acronum.
1547 1114 1661 1146 mox

120 1191 213 1242 diu
251 1191 444 1242 solidus
472 1201 519 1241 et
557 1203 691 1244 certo
731 1195 876 1243 alveo
904 1194 1077 1257 lapsus
1106 1191 1242 1242 haud
1270 1192 1442 1256 procul
1481 1208 1506 1240 a
1537 1191 1659 1238 mari

124 1285 222 1335 huc
243 1293 292 1334 et
312 1285 430 1335 illuc
444 1285 780 1351 dispergitur,
809 1285 902 1335 sed
923 1284 988 1335 ad
1010 1286 1266 1335 sinistram
1290 1285 1456 1333 amnis
1483 1285 1662 1333 etiam-

122 1394 245 1428 num
288 1386 334 1427 et
375 1377 538 1428 donec
576 1378 750 1428 effluat
800 1379 1032 1441 Rhenus,
1102 1377 1167 1427 ad
1218 1376 1450 1426 dextram
1501 1377 1663 1441 primo

119 1479 370 1536 angustus
410 1479 456 1520 et
496 1472 573 1520 sui
615 1471 812 1533 similis,
858 1479 969 1536 post
1010 1472 1134 1536 ripis
1173 1471 1319 1536 longe
1359 1487 1417 1519 ae
1457 1469 1554 1518 late
1584 1485 1665 1517 re-

119 1563 425 1614 cedentibus
476 1565 574 1613 iam
633 1580 734 1613 non
784 1565 950 1614 amnis
988 1564 1080 1614 sed
1133 1565 1313 1629 ingens
1363 1563 1518 1612 lacus.
1576 1561 1664 1610 ubi

122 1673 329 1722 campos
380 1658 626 1722 implevit,
712 1657 860 1706 Flevo
917 1657 1128 1720 (licitur,
1184 1655 1522 1720 eiusdemque
1574 1672 1666 1703 no-

125 1750 277 1797 minis
305 1749 523 1798 insulam
564 1750 833 1815 amplexus
874 1751 923 1799 lit
967 1753 1147 1800 iterum
1189 1751 1343 1799 artior
1377 1750 1666 1812 iterumque

123 1841 314 1891 fluvius
353 1844 616 1892 emittitur.

233 1936 504 1984 Germania
556 1937 674 1986 hinc
735 1938 857 2001 ripis
907 1939 1018 1986 eius
1069 1952 1231 2001 usque
1283 1934 1348 1986 ad
1399 1935 1579 1999 Alpes.
1639 1952 1662 1981 a
1710 1943 1751 1985 τι.
1781 1948 1832 1983 25

128 2026 342 2077 meridie
383 2029 507 2093 ipsis
534 2027 766 2094 Alpibus,
802 2030 868 2079 ab
895 2031 1089 2079 oriente
1118 2029 1515 2079 Sarmaticarum
1544 2044 1667 2076 con—

126 2121 247 2169 finio
286 2123 539 2186 gentium,
597 2139 696 2187 qua
748 2123 1148 2188 septentrionem
1189 2129 1381 2187 spectat
1420 2121 1668 2169 Oceanico

123 2213 266 2262 litore
305 2213 524 2264 obducta
565 2223 658 2265 est.
741 2217 827 2280 qui
869 2215 1097 2265 habitant
1138 2216 1372 2264 inmanes
1395 2222 1514 2262 sunt
1555 2215 1668 2262 ani-
1703 2221 1751 2256 26

129 2307 223 2356 mis
261 2315 414 2372 atque
453 2309 751 2373 corporibus
790 2317 838 2358 et
877 2308 943 2358 ad
983 2310 1183 2358 insitam
1245 2307 1492 2357 feritatem
1528 2315 1666 2355 νηδυ-

127 2407 342 2463 utraque
382 2409 639 2461 exercent,
687 2401 927 2451 bellando
967 2402 1188 2461 animos,
1236 2417 1444 2465 corpora
1487 2416 1666 2449 assue-

124 2491 402 2542 suetudine
455 2493 712 2554 laborum,
778 2495 998 2543 maxime
1053 2494 1269 2558 frigoris.
1334 2492 1460 2542 nudi
1512 2503 1662 2558 agunt

124 2593 401 2650 antequam
442 2585 666 2651 puberes
706 2588 822 2636 sint.
869 2595 915 2635 et
940 2587 1228 2648 longissima
1259 2586 1396 2650 apud
1423 2603 1509 2635 eos
1538 2602 1667 2650 pue-

244 2753 310 2794 20.
348 2754 386 2790 7.
425 2752 574 2791 treviri
601 2762 749 2802 marqo
771 2751 814 2790 A.
998 2756 1035 2789 8.
1071 2750 1433 2797 augustodunum
1459 2750 1505 2789 Α.

128 2825 195 2861 26.
233 2825 301 2868 27,
332 2827 368 2862 4.
400 2824 556 2864 Caesar
581 2823 668 2864 BG.
697 2826 735 2863 4.
768 2826 803 2868 t,
831 2826 868 2861 9.
901 2825 965 2860 40.
1004 2825 1042 2863 6.
1069 2826 1138 2867 2¹,
1167 2826 1290 2861 3-5.
1424 2825 1493 2863 26.
1521 2826 1558 2860 3.
1595 2833 1666 2859 as-

125 2894 379 2934 suetudinis
412 2899 452 2934 et
493 2895 682 2934 aliorum
714 2906 770 2945 pr
800 2895 853 2939 A,
891 2905 994 2934 corr
1015 2894 1064 2933 ab
1085 2891 1394 2934 alteramenta.
1458 2896 1667 2932 assuetu-

126 2965 278 3004 dinem
302 2966 365 3005 νεὶ
384 2966 512 3005 ·‹line
539 2967 774 3007 malorum.
819 2965 1169 3005 consuetudines
1194 2965 1430 3005 laborum?
1463 2966 1549 3005 alii.

1477 3054 1497 3089 6
