2048 3275
860 180 1125 214 Grnmxu.
1704 167 1732 213 3

187 323 324 384 dam,
371 331 428 373 ut
468 324 518 372 in
559 323 760 372 licentia
788 323 1071 383 vetustatiS,
1118 321 1281 387 pluris
1320 321 1417 371 deo
1457 330 1590 371 ortos
1617 322 1736 388 plu-

187 418 359 481 risque
397 417 563 481 gentis
602 415 983 481 appellationeS‚
1030 415 1217 464 Marsos
1255 415 1577 465 Gambrivios
1604 417 1737 466 Sue-

188 509 279 558 bos
305 507 583 571 Vandilios,
624 506 898 568 affirmant,
941 523 1105 573 eaque
1140 523 1262 557 vera
1303 516 1353 556 et
1390 508 1601 572 antiqua
1643 524 1736 557 no-

190 603 344 651 mina.
402 608 629 651 ceterum
663 602 965 650 Germaniae
993 600 1301 650 vocabulum
1332 616 1511 650 recens
1548 607 1598 649 et
1636 617 1737 650 nu-

187 711 280 760 per
306 693 556 757 additum,
603 695 844 759 quoniam
873 695 961 758 qui
989 694 1140 759 primi
1169 694 1403 742 Rhenum
1430 695 1735 759 transgressi

189 788 359 837 Gallos
409 787 704 852 expulerint
754 803 812 836 ac
863 803 1001 836 nunc
1038 787 1254 851 Tungri,
1320 794 1443 836 tunc
1494 787 1734 835 Germani

191 881 351 929 vocati
391 881 510 929 sint.
592 881 657 929 ita
697 881 918 929 nationis
958 895 1171 941 nomen,
1217 895 1318 928 non
1359 881 1552 944 gentis,
1612 896 1738 928 eva-

191 974 346 1023 luisse
374 973 637 1038 paulatim,
685 980 740 1022 ut
766 988 944 1022 omnes
972 974 1195 1038 primum
1237 988 1265 1021 a
1293 973 1481 1021 victore
1522 972 1587 1022 ob
1628 990 1740 1022 me-

189 1074 314 1128 tum,
362 1082 482 1115 mox
509 1067 660 1115 etiam
702 1082 728 1114 a
769 1083 822 1115 se
863 1067 988 1131 ipsis
1026 1067 1234 1115 invento
1262 1066 1468 1114 nomine
1497 1067 1738 1116 Germani

191 1167 515 1208 vocarentur.

337 1252 491 1301 fuisse
545 1250 683 1316 apud
737 1267 822 1300 eos
861 1258 910 1299 et
951 1250 1220 1300 Herculem
1273 1260 1581 1314 memorant,
1628 1253 1737 1317 pri-

191 1361 437 1410 mumque
489 1345 718 1393 omnium
757 1345 986 1393 virorum
1039 1343 1243 1393 fortium
1286 1345 1401 1394 ituri
1455 1346 1507 1393 in
1547 1346 1739 1410 proelia

190 1446 398 1487 canunt.
490 1445 612 1487 sunt
661 1437 760 1486 illis
811 1437 935 1486 haec
985 1452 1191 1502 quoque
1242 1438 1468 1486 carmina
1520 1454 1739 1503 quorum

192 1532 382 1592 relatu,
442 1546 596 1594 quem
645 1530 908 1580 harditum
948 1537 1157 1593 vocant,
1215 1529 1505 1580 accendunt
1542 1533 1740 1581 animos

192 1623 496 1688 futuraeque
525 1640 728 1688 pugnae
768 1623 1024 1672 fortunam
1065 1624 1176 1688 ipso
1204 1631 1356 1673 cantu
1396 1634 1734 1690 augurantur.

192 1724 387 1766 terrent
434 1719 571 1766 enim
623 1715 947 1781 trepidantve
998 1724 1149 1781 prout
1196 1718 1366 1766 sonuit
1416 1718 1574 1779 acies‚
1646 1734 1742 1767 nec

193 1818 295 1858 tam
324 1811 461 1859 vocis
499 1809 583 1858 ille
617 1825 771 1874 quam
801 1810 1002 1859 virtutis
1041 1817 1319 1859 concentus
1347 1810 1572 1860 videtur.
1617 1811 1743 1860 affe-

192 1910 358 1952 ctatur
394 1904 672 1967 praecipue
713 1903 964 1967 asperitas
1003 1903 1113 1952 soni
1154 1911 1204 1951 et
1241 1901 1455 1952 fractum
1485 1920 1734 1967 murmur,

194 1995 404 2045 obiectis
450 1994 514 2044 ad
561 2012 615 2045 os
667 1996 850 2057 scutis,
909 2011 1010 2060 quo
1063 1996 1262 2061 plenior
1314 2003 1364 2044 et
1401 1997 1603 2062 gravior
1642 2013 1742 2046 vox

196 2104 502 2153 repercussu
544 2089 864 2138 intumescat.
933 2096 1160 2138 ceterum
1214 2098 1263 2138 et
1302 2089 1484 2140 Vlixen
1532 2089 1742 2154 quidam

316 2293 381 2328 46.
419 2289 570 2341 plures
605 2289 669 2330 C).
744 2289 985 2342 pluresque
1022 2289 1150 2330 Bch.
1320 2294 1384 2329 ⁴7.
1423 2290 1662 2331 Gabriuios
1695 2292 1742 2338 Β,

196 2360 455 2411 ganbriuios
478 2361 520 2408 C,
547 2360 773 2411 gabrinios
797 2362 833 2409 b,
870 2373 896 2400 v
916 2373 1051 2412 supra
1074 2373 1100 2400 n
1121 2359 1160 2416 β,
1187 2361 1461 2413 gambrivios
1477 2374 1512 2402 c.
1576 2364 1747 2403 Sueuos

196 2431 327 2472 Bch.
487 2436 551 2471 1¹8.
590 2432 822 2472 uandalios
844 2434 881 2472 b.
947 2444 1093 2484 enque
1123 2433 1167 2474 C.
1308 2437 1377 2473 24.
1414 2443 1466 2472 ac
1494 2432 1601 2478 Bcc,
1639 2436 1683 2473 ut
1706 2435 1742 2474 b.

312 2506 381 2543 22.
418 2504 485 2542 sut
516 2502 559 2544 C.
681 2505 750 2543 24.
778 2505 912 2543 etiam
938 2505 1009 2551 Bb,
1028 2504 1124 2552 320,
1153 2517 1221 2544 om
1244 2517 1281 2545 c.

313 2578 352 2622 3,
391 2578 428 2613 2.
464 2574 551 2628 plia
575 2575 611 2621 b,
638 2575 723 2627 plia
750 2573 793 2619 C.
830 2576 994 2627 praelia
1009 2588 1043 2615 c.
1198 2578 1234 2616 4.
1272 2576 1464 2615 baritum
1485 2588 1619 2627 supra
1642 2576 1748 2616 bar-

197 2645 340 2684 ditum
364 2644 417 2685 02.
566 2650 604 2685 6.
640 2648 788 2686 sonuit
812 2647 958 2686 sonuit
987 2646 1031 2688 C.
1175 2652 1213 2687 7.
1250 2648 1372 2687 vocis
1397 2648 1467 2687 ille
1495 2670 1543 2676 --
1569 2648 1746 2688 videtur

198 2718 434 2765 Rhenanus,
479 2729 614 2757 uoces
653 2718 725 2757 ille
773 2718 862 2768 z‘ille
904 2730 939 2758 c.
977 2719 1049 2757 ille
1093 2731 1136 2770 q;
1177 2718 1207 2760 C
1265 2741 1320 2747 —
1361 2719 1575 2759 uidentur
1613 2719 1742 2760 13ch.

313 2794 350 2827 8.
388 2790 615 2841 precipiue
639 2788 680 2829 C.
748 2789 911 2829 factum
935 2801 968 2829 c.
1103 2794 1141 2831 9.
1179 2790 1368 2830 obiectis
1391 2791 1463 2840 Bb,
1501 2791 1687 2832 abiectis
1707 2803 1742 2839 c,

194 2859 327 2899 dictis
355 2859 397 2901 C.
462 2860 517 2900 ad
541 2861 617 2916 §os
641 2861 687 2908 B,
731 2860 840 2900 ados
868 2861 911 2907 C,
939 2873 1005 2902 om
1027 2874 1061 2901 c.
1190 2865 1254 2902 40.
1294 2862 1441 2902 ulixen
1470 2862 1537 2908 cc,
1576 2864 1744 2914 Ylnen

191 2930 237 2978 B,
274 2931 480 2982 Ylyssem
504 2933 564 2982 (ss
594 2936 630 2971 ἰ
653 2933 803 2982 lf'ura)
830 2933 867 2972 b.

1516 3024 1530 3058 Ι
1555 3020 1572 3037 ⁸

1772 703 1820 738 20

1786 2102 1827 2135 lt)
