2048 3275
270 648 292 684 5

245 1109 294 1144 40

242 1569 291 1604 ⁴5

331 209 396 258 28
875 223 1105 256 CORNELn
1145 222 1304 255 TACITI

321 365 587 427 incohant‚
654 379 754 411 non
807 363 874 411 ita
924 363 1099 412 effusis
1157 379 1214 412 ac
1265 362 1582 427 palustribus
1633 364 1754 413 locis
1811 372 1868 413 ut

323 465 520 505 ceterae
561 456 789 504 civitates
827 455 882 502 in
921 470 1051 518 quas
1079 455 1353 504 Germania
1392 457 1632 520 patescit:
1679 455 1867 505 durant

324 547 582 612 siquidem
609 547 775 610 colles,
822 547 1070 611 paulatim
1096 555 1379 611 rarescunt,
1427 556 1477 596 et
1502 548 1707 597 Chattos
1746 565 1865 598 suos

327 641 486 689 saltus
526 640 811 703 Hercynius
860 641 1186 704 prosequitur
1232 640 1383 688 simul
1433 648 1585 703 atque
1633 639 1859 706 deponit.

328 732 532 782 duriora
583 733 720 797 genti
772 747 1008 796 corpora,
1055 733 1213 781 stricti
1253 740 1417 795 artus,
1481 733 1656 781 minax
1692 734 1865 783 vultus

328 833 376 873 etv
414 827 572 874 maior
611 825 768 873 animi
807 826 967 888 vigor.
1011 824 1248 887 multum,
1293 832 1349 873 ut
1389 825 1523 873 inter
1561 826 1855 888 Germanos,

327 918 534 966 rationis
583 933 640 965 ac
689 916 971 965 sollertiae:
1033 933 1351 982 praeponere
1410 917 1620 979 electos,
1685 916 1863 967 audire

328 1010 665 1073 praepositos,
725 1025 875 1058 nosse
913 1008 1118 1058 ordines
1135 1049 1158 1085 ⁷.
1202 1010 1499 1074 intellegere
1551 1008 1856 1073 occasiones,

327 1100 530 1150 differre
581 1102 831 1166 impetus,
889 1100 1161 1166 disponere
1201 1101 1361 1163 diem,
1409 1102 1601 1151 vallare
1641 1110 1856 1167 noctem,

327 1194 582 1242 fortunam
635 1194 766 1242 inter
805 1193 991 1257 dubia,
1048 1195 1292 1243 virtutem
1331 1195 1465 1242 inter
1503 1203 1640 1243 certa
1679 1211 1864 1243 nume-

326 1301 455 1347 rare,
502 1286 740 1350 quodque
780 1288 1100 1335 rarissimum
1140 1303 1235 1334 uec
1274 1287 1372 1335 nisi
1411 1288 1667 1335 Romanae
1707 1286 1864 1336 disci-

326 1378 495 1442 plinae
536 1394 850 1442 concessum7
897 1379 1013 1443 plus
1052 1395 1300 1444 reponere
1353 1380 1403 1427 in
1445 1378 1575 1428 duce
1617 1395 1769 1443 quam
1810 1381 1862 1428 in

325 1472 571 1519 exercitu.
640 1487 789 1519 omne
829 1471 986 1520 robur
1025 1473 1077 1520 in
1115 1471 1304 1536 pedite,
1351 1487 1504 1535 quem
1542 1489 1696 1537 super
1723 1488 1863 1521 arma

325 1563 648 1612 ferramentis
676 1579 879 1627 quoque
914 1572 961 1612 et
1000 1565 1158 1628 copiis
1185 1573 1424 1613 onerant:
1470 1565 1593 1613 alios
1620 1563 1685 1614 ad
1711 1581 1864 1629 proe-

324 1655 449 1704 lium
487 1658 560 1704 ire
600 1656 794 1719 videas,
841 1657 1045 1705 Chattos
1085 1656 1151 1705 ad
1178 1656 1391 1705 bellum.
1472 1658 1572 1705 rari
1614 1673 1861 1707 excursus

326 1756 372 1795 et
412 1748 616 1797 fortuita
658 1765 848 1813 pugna.
904 1751 1220 1813 equestrium
1262 1765 1384 1798 sane
1424 1750 1611 1798 virium
1651 1749 1704 1799 id
1741 1766 1862 1815 pro-

323 1841 509 1904 prium,
557 1842 652 1889 cito
690 1857 871 1906 parare
900 1842 1177 1905 vict-oriam,
1225 1844 1321 1891 cito
1361 1841 1572 1890 cedere:
1621 1842 1861 1891 velocitas

325 1934 465 1982 iuxta
504 1933 844 1995 formidinem,
891 1936 1145 1983 cunctat-io
1184 1937 1391 1999 propior
1422 1935 1733 1983 constantiae
1763 1942 1852 1983 est.

242 2024 300 2068 31
326 2033 375 2072 et
437 2025 547 2074 aliis
597 2026 965 2075 Germanorum
1027 2027 1230 2091 populis
1286 2035 1589 2090 usurpatum
1647 2043 1760 2076 raro
1812 2036 1859 2075 et

437 2235 474 2269 Ξ.
511 2232 776 2280 incohante,
825 2218 986 2272 scohai
1005 2233 1052 2280 Β,
1102 2232 1280 2272 inchoat
1305 2233 1339 2279 b,
1377 2232 1556 2272 inchoat
1581 2237 1727 2283 etpost
1757 2234 1772 2270 t
1806 2234 1858 2272 ἰέ-

321 2305 420 2341 tura
444 2300 480 2355 β,
517 2303 725 2341 inchoant
752 2303 792 2343 C.
989 2307 1026 2342 3.
1063 2304 1230 2343 durans
1248 2315 1306 2353 pr
1327 2303 1362 2342 b.
1560 2305 1596 2342 4.
1633 2314 1861 2358 rarescere

317 2397 375 2436 pr
401 2387 440 2426 C.
525 2388 697 2427 chattos
720 2388 790 2436 B„
827 2391 966 2427 cattos
990 2389 1025 2436 b,
1063 2367 1210 2427 cactos
1238 2389 1277 2429 C.
1433 2392 1471 2428 5.
1508 2388 1736 2427 hercinius
1760 2388 1852 2435 ch,

323 2458 560 2508 Hircynius
583 2459 630 2498 Β.
723 2462 854 2509 atque
883 2457 974 2513 Οοβ,
1010 2470 1059 2498 ac
1080 2460 1152 2498 Bb.
1303 2515 1310 2520 ῃ
1333 2463 1371 2498 6.
1409 2470 1537 2498 arcus
1560 2459 1623 2499 Cc.

323 2531 362 2566 8.
399 2530 594 2567 romanis
616 2540 666 2568 ac
693 2530 733 2570 C.
838 2530 1016 2580 solertie
1044 2531 1133 2571 ch.
1321 2534 1360 2569 9.
1397 2541 1529 2569 nosce
1558 2530 1598 2570 C.
1693 2530 1858 2568 intelli-

322 2623 422 2663 gere
447 2613 575 2653 Bch.
748 2618 813 2654 42.
850 2626 1032 2654 romane
1058 2617 1104 2663 B,
1140 2626 1323 2664 romane
1345 2615 1381 2662 b,
1417 2608 1498 2653 fo}
1520 2615 1560 2661 C,
1596 2615 1765 2653 ratione
1790 2612 1853 2668 οβ.

436 2728 502 2764 44.
539 2728 733 2778 inpedite
763 2729 802 2776 C,
850 2729 1060 2780 impedite
1095 2739 1130 2767 c.
1223 2693 1357 2779 qi13m
1379 2729 1427 2774 B,
1474 2739 1607 2778 quam
1631 2740 1664 2767 c.

324 2799 388 2835 ⁴5.
416 2796 784 2849 ferramentisque
808 2803 850 2839 et
868 2811 901 2838 c.
967 2800 1190 2838 honorant
1216 2799 1256 2839 C.
1333 2844 1345 2846 K
1393 2802 1458 2837 46.
1495 2802 1636 2838 cattos
1659 2803 1694 2838 b.
1760 2811 1856 2839 raro

324 2866 364 2906 C.
504 2871 570 2907 49.
598 2869 713 2908 iusta
732 2870 768 2908 b.
852 2871 1070 2909 conctatio
1094 2870 1141 2917 B,
1178 2870 1369 2908 contatio
1397 2870 1437 2909 C.
1508 2872 1740 2951 1propiora
1770 2871 1833 2911 Cc.

433 2955 500 3000 3¹,
538 2956 575 2992 4.
612 2955 788 3005 populis
811 2954 905 3001 Bbc,
943 2955 1097 3006 patriis
1124 2955 1164 2995 C.
1247 2965 1345 2993 raro
1368 2955 1437 3001 bc,
1467 2965 1561 2995 rara
1586 2956 1633 3004 B,
1668 2967 1769 2996 rara
1792 2968 1825 2996 c.
