2048 3275
733 187 1000 220 unitatum.
1623 174 1680 220 15

239 330 475 393 quotiens
516 327 646 376 bolla
689 344 790 377 non
832 328 1029 388 ineunt,
1078 343 1178 376 nou
1221 328 1436 377 inultum
1480 329 1681 378 venati-
1705 343 1766 388 15

136 421 248 483 buS‚
295 421 412 486 plus
453 436 545 486 per
572 421 729 469 otium
772 421 1074 485 transigunt,
1122 419 1282 470 dediti
1322 437 1499 470 somno
1539 420 1683 470 cibo-

136 529 254 578 que.
319 513 623 563 fortissimus
681 514 901 578 quisque
964 530 1022 562 ac
1073 512 1494 563 bellicosissimus
1557 513 1680 562 nihil

137 622 308 668 agens,
354 605 585 671 delegata
615 606 799 655 domus
826 614 873 655 et
915 608 1179 671 penatium
1208 614 1257 655 et
1294 622 1530 670 agrorum
1561 623 1680 656 cura

137 699 342 749 feminis
380 698 698 763 senibusque
740 707 789 748 et
829 699 1176 748 infirmissimo
1205 699 1390 763 cuique
1431 716 1494 748 ox
1535 699 1683 748 fami-
1717 711 1738 745 5

137 792 229 853 lia,
272 793 367 857 ipsi
397 791 603 854 hebent,
640 793 765 841 mira
795 791 1088 841 diversitate
1118 800 1348 855 naturae,
1381 808 1498 842 cum
1528 791 1682 841 iidem

138 884 370 934 homines
427 886 498 934 sic
556 892 729 934 ament
799 886 1031 933 inertiam
1092 893 1141 933 et
1187 884 1389 934 oderint
1434 886 1678 950 quietem.

138 994 245 1027 mos
284 986 361 1027 est
398 978 692 1028 civitatibus
744 979 875 1028 ultro
924 995 981 1026 ac
1023 979 1213 1027 viritim
1266 978 1497 1027 conferre
1539 979 1685 1043 prin-

141 1070 342 1136 cipibus
382 1071 464 1119 vel
504 1080 851 1121 avunculorum
893 1071 974 1119 vel
1016 1071 1236 1136 frugum,
1283 1070 1422 1135 quod
1462 1088 1552 1137 pro
1593 1072 1685 1121 ho—

139 1180 260 1212 nore
300 1172 566 1229 acceptum
609 1165 761 1214 etiam
805 1163 1197 1214 necessitatibus
1237 1163 1500 1214 subvenit.
1559 1181 1686 1229 gau·
1722 1178 1768 1212 40

138 1256 261 1306 dent
286 1258 561 1322 praecipm¹
592 1257 922 1306 finitimarum
952 1258 1181 1322 gentium
1210 1255 1375 1320 donis,
1422 1273 1554 1321 quae
1584 1275 1683 1307 nou

139 1349 288 1399 modo
341 1367 366 1398 a
407 1350 646 1413 singulis,
703 1349 796 1399 sed
836 1357 883 1398 ct
923 1349 1128 1414 publice
1181 1351 1479 1413 mittuntur,
1539 1352 1684 1400 electi

138 1444 284 1507 equi,
344 1460 526 1509 magna
577 1459 743 1503 arma,
798 1442 1038 1507 phalerae
1087 1450 1416 1508 torquesque.
1488 1444 1587 1493 iam
1639 1452 1685 1493 et

139 1537 411 1601 pecuniam
451 1537 684 1602 accipere
725 1535 1015 1585 docuimus.

245 1629 414 1680 nullas
452 1629 826 1679 Germanorum
866 1629 1069 1694 populis
1110 1629 1266 1679 urbes
1307 1628 1525 1680 habitari
1564 1632 1685 1679 satis
1711 1637 1773 1682 16

142 1730 317 1772 notun]
358 1731 459 1782 est3
507 1739 570 1771 ne
609 1724 713 1788 pati
752 1722 964 1787 quidem
1007 1724 1138 1771 inter
1176 1739 1232 1772 se
1272 1723 1471 1773 iunctas
1510 1723 1679 1773 sedes.

140 1816 312 1864 colunt
362 1815 566 1865 discreti
606 1833 663 1864 ac
703 1814 915 1865 diversi.
978 1823 1033 1864 ut
1072 1815 1199 1877 fons,
1245 1823 1302 1865 ut
1338 1832 1576 1882 campus,
1633 1825 1687 1866 ut

141 1925 324 1958 nemus
362 1909 570 1974 placuit.
640 1909 778 1957 vicos
817 1907 984 1957 locant
1012 1925 1112 1958 non
1153 1910 1203 1958 in
1236 1916 1464 1959 nostrum
1495 1925 1686 1958 rnorem

140 2003 349 2051 conexis
399 2010 449 2050 et
488 2001 886 2051 cohaerentibus
926 2000 1201 2051 aedificiis:
1267 2018 1413 2052 suam
1466 2004 1686 2068 quisque
1722 2021 1742 2057 5

141 2093 349 2144 domuin
390 2096 552 2159 spatio
592 2093 890 2155 circumdat,
936 2096 1045 2143 sivo
1086 2094 1338 2144 adversus
1377 2111 1526 2145 casus
1555 2096 1686 2161 ign³s

258 2326 325 2371 ⁴5,
363 2327 398 2362 4.
437 2324 612 2363 uotiens
636 2326 751 2363 initio
774 2335 924 2363 versus
947 2325 994 2364 B.
1109 2330 1148 2364 Ξ.
1186 2325 1334 2364 ocium
1358 2324 1431 2364 Bb.
1545 2328 1583 2364 3.
1622 2327 1690 2363 ni-

141 2395 228 2435 chil
252 2395 300 2435 Β.
481 2397 519 2432 6.
558 2393 635 2434 hfit
673 2395 774 2435 C=
799 2394 962 2434 habent
996 2396 1032 2438 b.
1114 2397 1261 2436 miram
1295 2396 1592 2437 diversitatem
1628 2394 1664 2449 β.

286 2469 325 2505 7.
361 2465 540 2505 ih‘tiam
572 2466 615 2508 C.
770 2470 834 2505 40.
872 2467 1018 2522 9ue13is
1046 2466 1253 2507 subvenit
1281 2467 1322 2508 C.
1478 2470 1543 2507 Η.
1581 2478 1689 2518 gon-

144 2553 254 2591 tium
279 2563 345 2592 om
368 2552 512 2592 relicto
533 2553 666 2602 spatio
690 2551 732 2592 C.
917 2557 980 2592 η.
1021 2558 1062 2592 ct
1086 2565 1151 2592 om
1181 2553 1224 2601 C,
1252 2554 1472 2604 Hauptius.
1539 2554 1690 2593 nitun-

145 2641 217 2677 tur
240 2649 273 2676 c.
414 2640 480 2676 ⁴4.
518 2608 653 2687 talete
678 2636 719 2677 C.

1257 2690 1266 2721 1
1287 2694 1389 2721 locant

258 2726 325 2770 46,
364 2727 400 2761 1.
439 2719 595 2762 1Γίῑὸίί
623 2723 667 2765 C.
779 2727 817 2762 2.
857 2727 998 2763 uictas
1027 2723 1072 2765 C.
1176 2727 1213 2762 lo.
1253 2726 1429 2776 longam
1456 2725 1503 2771 B,
1542 2725 1686 2765 looant

140 2796 211 2835 sed
231 2806 367 2845 supra
389 2799 425 2834 et
448 2797 562 2847 infra
595 2807 619 2832 o
652 2796 798 2842 litura,
825 2797 1014 2848 uesuisse
1036 2797 1233 2836 videatur
1265 2795 1415 2848 lfigant
1436 2797 1472 2845 b,
1503 2799 1542 2836 in
1568 2808 1690 2836 mar-

142 2869 239 2918 yine
261 2866 427 2905 Loeant
450 2864 488 2920 β.
568 2856 578 2862 ’
631 2871 669 2906 5.
696 2868 908 2907 connexis
931 2868 1044 2906 libri.
1111 2867 1327 2907 humatus
1354 2868 1396 2915 c,
1422 2868 1633 2908 aodimus
1652 2882 1686 2908 c.

281 2940 320 2976 6.
357 2937 589 2977 circundat
617 2938 687 2979 Bc.
