2048 3275
792 260 1062 295 EXCERPTA.
1599 247 1694 295 147

155 402 333 453 Alanis
386 403 590 468 genitus
641 418 754 451 esse
807 401 1127 467 perhibetur.
1210 409 1259 449 et
1308 404 1437 466 patri
1490 401 1700 466 quidem
1735 421 1757 457 5

159 510 344 544 nomen
395 495 575 557 Micca,
634 496 780 543 matri
836 494 1043 543 Hababa
1096 494 1253 543 fuisse
1306 493 1512 543 «licitur.
1612 494 1703 544 sed

158 589 283 637 haec
346 588 551 636 nomina
615 588 922 637 Maximinus
984 588 1164 651 primis
1216 586 1534 650 temporibus
1598 588 1704 651 ipse

158 678 400 745 prodidit,
447 688 622 744 postea
663 696 783 729 vero
825 679 912 729 uhi
953 678 1017 728 ad
1061 680 1333 743 imperium
1377 680 1516 727 venit
1543 680 1701 729 occuli

158 773 436 837 praecepit,
484 788 548 821 ne
588 780 803 837 utroque
844 779 1056 837 parente
1097 770 1314 820 barbaro
1353 773 1558 836 genitus
1610 772 1706 820 im-

159 871 363 930 perator
402 879 516 914 esse
557 863 837 913 videretur.
1741 876 1789 910 40

268 957 349 1006 hic
401 955 492 1006 diu
541 956 640 1006 sub
679 956 938 1006 Antonino
978 956 1233 1006 Caracallo
1273 955 1482 1005 ordines
1530 955 1694 1019 duxit,
1734 962 1764 1005 4

161 1049 480 1099 centuriatus
545 1056 595 1098 et
656 1057 853 1099 ceteras
919 1050 1165 1099 militares
1222 1048 1496 1114 dignitates
1551 1065 1707 1114 saepe

161 1143 411 1191 tractavit.
491 1140 590 1191 sub
628 1143 877 1204 Macrino,
924 1140 1061 1206 quod
1101 1158 1218 1190 eum
1260 1142 1347 1206 qui
1390 1142 1710 1206 imperatoris

162 1235 240 1284 sui
284 1234 445 1284 filium
486 1233 741 1284 occiderat
780 1235 1117 1283 vehementer
1166 1233 1383 1295 odisset,
1443 1251 1468 1282 a
1531 1234 1705 1283 militia

163 1325 297 1375 desit
335 1334 385 1376 et
425 1327 478 1375 in
517 1326 729 1376 Thracia
770 1328 821 1375 in
863 1329 974 1376 vieo
1014 1325 1103 1376 ubi
1145 1327 1347 1391 genitus
1388 1326 1551 1375 suerat
1593 1343 1710 1391 pos-
1745 1339 1765 1373 5

161 1419 419 1468 sessiones
467 1420 765 1484 conparavit
813 1435 871 1469 ac
921 1434 1130 1483 semper
1178 1435 1294 1467 eum
1346 1419 1520 1468 Gothis
1571 1436 1711 1467 eom-

164 1511 351 1560 mercia
392 1512 641 1561 exercuit.
723 1520 923 1561 amatus
963 1519 1041 1561 est
1079 1520 1249 1560 autem
1291 1513 1440 1561 unice
1493 1528 1518 1560 a
1572 1512 1710 1560 Getis

164 1604 312 1668 quasi
352 1619 528 1654 eorum
570 1605 716 1653 civis,
796 1604 945 1653 Alani
986 1605 1300 1668 quicumque
1319 1603 1395 1653 -ad
1424 1605 1587 1669 ripam
1616 1621 1708 1653 ve-

164 1703 356 1746 nerunt
392 1697 613 1746 amicum
666 1713 783 1746 eum
836 1696 984 1746 donis
1030 1697 1256 1746 vicissim
1297 1697 1711 1746 reeurrrentibus

164 1786 539 1852 adprobabant.
585 1788 677 1837 secl
719 1791 881 1839 occiso
906 1791 1127 1838 Macrino
1167 1805 1281 1838 eum
1325 1789 1425 1838 filio
1465 1805 1574 1851 suo,
1621 1789 1707 1839 ubi
1747 1802 1793 1837 ιο

165 1879 548 1945 Heliogabalum
607 1882 751 1945 quasi
804 1881 1048 1930 Antonini
1116 1882 1275 1930 filium
1352 1883 1710 1946 imperatorem

164 1973 410 2038 conperit,
458 1974 557 2021 iam
598 1980 826 2023 maturae
866 1975 1045 2023 aetatis
1093 1973 1158 2023 ad
1208 1990 1327 2023 eum
1368 1976 1509 2023 venit
1559 1976 1713 2039 petit-

165 2080 267 2130 que
324 2073 381 2115 ut
437 2064 576 2130 quod
625 2082 755 2116 avus
811 2066 924 2116 eius
963 2067 1189 2116 Severus
1240 2066 1413 2116 iudicii
1466 2069 1596 2116 eirca
1656 2083 1710 2116 se

166 2157 417 2208 habuerat
455 2165 505 2207 et
530 2159 639 2223 ipse
679 2158 908 2208 haberet.

219 2288 229 2298 .
272 2251 437 2300 occiso
476 2250 767 2300 Alexandro
795 2252 1105 2302 Maximinus
1142 2253 1367 2316 primum
1419 2270 1446 2301 e
1496 2267 1704 2316 corpore
1738 2255 1769 2298 8

168 2342 370 2392 militari
422 2351 470 2391 et
517 2342 746 2393 nondum
800 2352 1005 2394 senator
1065 2346 1178 2394 sine
1236 2345 1440 2395 decreto
1503 2354 1714 2394 senatus

283 2580 323 2616 5.
358 2577 652 2628 Symmachus
677 2578 718 2616 in
742 2579 900 2628 quinto
932 2589 1037 2618 suae
1062 2579 1272 2619 historiae
1307 2579 1420 2619 libro
1440 2572 1713 2619 ‘Alexandro'

167 2648 314 2699 inquit
339 2641 545 2688 'Caesare
569 2652 745 2688 mortuo
770 2649 1034 2689 Maximinus
1057 2649 1112 2689 ab
1139 2652 1338 2690 exercitu
1364 2651 1507 2691 factus
1530 2654 1595 2690 est
1629 2652 1715 2690 im-

165 2721 360 2770 perator,
385 2730 440 2759 ex
461 2719 628 2759 infimis
650 2719 912 2771 parentibus
935 2721 975 2759 in
1000 2721 1184 2761 Thracia
1209 2726 1356 2770 natus,
1382 2733 1405 2761 a
1430 2726 1551 2773 patre
1570 2722 1714 2761 Gotho

168 2790 348 2829 nomine
372 2790 526 2838 Micca,
563 2794 703 2830 matre
725 2790 861 2830 Alana
895 2803 1010 2842 quae
1033 2791 1184 2832 Ababa
1217 2790 1479 2833 dicebatur'.
1515 2794 1714 2833 Iordanes

168 2861 216 2901 de
232 2861 320 2901 reb.
342 2861 432 2901 Get.
451 2872 487 2900 e.
506 2864 571 2900 45.
593 2860 700 2908 cons.
720 2862 948 2902 Herodian.
970 2866 1010 2909 6,
1028 2868 1066 2902 8.
1162 2869 1201 2903 8.
1227 2864 1340 2904 aeuli
1424 2869 1463 2904 9.
1493 2868 1650 2915 utroqa
1666 2865 1710 2903 Ρ.

285 2934 325 2979 1ο,
350 2935 392 2971 2.
427 2931 702 2972 centuriatos
888 2935 927 2972 ⁴.
964 2934 1130 2974 malitia
1154 2935 1284 2975 desiit
1308 2936 1356 2975 B.
1527 2940 1567 2975 8.
1594 2937 1714 2975 eive<

171 3001 318 3042 halani
343 3003 426 3050 BP,
462 3003 573 3043 ciuis
597 3001 661 3043 P‘2.
846 3007 912 3043 Η.
949 3005 1221 3057 imperatore
1246 3007 1293 3045 B.

1454 3089 1542 3130 to*
