2048 3275
260 645 304 688 5.
329 651 379 686 36

343 1021 364 1056 5

313 1391 360 1426 44

316 1660 364 1696 45

317 2492 362 2525 40

404 203 468 253 84
780 221 805 252 E
836 220 1071 254 romroml
1098 221 1254 253 MELAE
1284 222 1427 255 Lumo
1456 222 1528 254 111.

400 361 473 408 ria
512 376 671 424 pensa
710 367 842 423 sunt,
889 360 1040 409 ferire
1080 362 1276 410 hostem
1301 360 1590 410 adultarum
1618 361 1931 426 stipendium

400 459 500 513 est,
559 451 684 501 adeo
734 460 790 501 ut
840 469 941 501 non
980 454 1295 518 percussisse
1333 469 1425 518 pro
1463 453 1647 519 flagitio
1686 453 1934 503 habeatur

399 545 564 608 sitque
605 545 677 593 eis
715 561 910 610 poenae
950 547 1233 609 virginitas,

511 636 632 685 inde
659 635 808 686 Asiae
848 637 1093 701 confinia,
1147 639 1242 686 nisi
1279 637 1367 687 ubi
1412 645 1689 702 perpetuae
1738 639 1932 687 hiemes

399 727 577 776 sedent
624 735 672 776 et
718 729 1048 779 intolerabilis
1098 731 1253 794 rigor,
1314 730 1533 795 Scythici
1571 730 1745 794 populi
1792 731 1934 779 inco-

400 820 526 883 lunt,
572 821 677 869 fere
718 838 895 870 omnes
935 829 984 870 et
1022 822 1073 869 in
1126 837 1288 870 unum
1328 822 1506 871 Belcae
1554 821 1812 886 adpellati.
1879 823 1931 870 in

398 911 617 961 Asiatico
667 913 809 961 litore
858 915 1008 977 primi
1059 913 1376 978 Hyperborei
1437 929 1593 978 super
1643 915 1931 978 aquilonem

397 1006 752 1069 Riphaeosque
793 1013 990 1055 montes
1029 1005 1126 1055 sub
1166 1008 1274 1070 ipso
1324 1005 1551 1055 siderum
1601 1005 1806 1055 cardine
1856 1008 1931 1055 ia-

397 1105 534 1158 cent,
599 1096 689 1146 ubi
739 1098 812 1145 sol
861 1113 962 1146 non
1013 1097 1193 1147 cotidie
1244 1107 1301 1147 ut
1350 1098 1525 1162 nobiS,
1573 1098 1665 1147 sed
1708 1100 1930 1163 primum

401 1205 555 1237 verno
595 1191 911 1253 aequinoctio
934 1197 1138 1239 exortus
1178 1191 1457 1239 autumnali
1480 1189 1690 1240 demum
1730 1190 1924 1254 occidit,

398 1281 512 1330 ideo
551 1297 642 1330 sex
682 1282 947 1332 mensibus
986 1282 1096 1332 dies
1136 1289 1183 1330 et
1220 1282 1431 1332 totidem
1471 1283 1582 1332 aliis
1619 1299 1720 1332 nox
1767 1299 1931 1348 usque

397 1375 637 1423 continua
677 1382 751 1423 est
797 1413 805 1422 .
845 1413 854 1422 .
892 1413 943 1423 ..
995 1375 1126 1424 ultra
1174 1375 1413 1439 Caspium
1463 1377 1635 1424 sinum
1687 1375 1931 1440 quidnam

398 1474 530 1515 esset
581 1466 880 1531 ambiguum
919 1467 1239 1531 aliquamdiu
1289 1467 1408 1530 fuit,
1454 1467 1660 1516 idemne
1700 1468 1933 1518 Oceanus

399 1575 462 1608 an
513 1559 662 1608 tellus
712 1559 893 1608 infesta
947 1559 1244 1623 frigoribus,
1310 1561 1421 1609 sine
1471 1560 1667 1609 ambitu
1715 1577 1772 1609 ac
1822 1562 1931 1610 sine

401 1652 500 1700 fine
538 1654 781 1716 proiecta.
870 1651 962 1700 sed
1011 1660 1213 1716 praeter
1266 1653 1503 1717 physicos
1529 1654 1924 1717 Homerumque,

402 1745 489 1808 qui
529 1746 833 1793 universum
872 1744 1049 1793 orbem
1089 1745 1215 1793 mari
1255 1744 1619 1794 circumfusum
1647 1761 1758 1794 esse
1786 1745 1932 1795 dixe-

398 1844 543 1898 runt,
603 1837 868 1886 Cornelius
918 1838 1084 1901 Nepos
1123 1844 1178 1886 ut
1215 1839 1482 1899 recentior,
1528 1838 1820 1886 auctoritate
1861 1840 1930 1887 sic

397 1930 602 1987 certiom
648 1936 831 1978 testem
859 1937 1027 1978 autern
1053 1931 1125 1977 rei
1148 1930 1393 1988 Quintum
1420 1930 1675 1978 Metellum
1700 1929 1930 1978 Celerem

399 2020 548 2069 adicit
590 2011 811 2085 eumque
851 2023 917 2070 ita
946 2022 1199 2070 rettulisse
1234 2029 1618 2070 commemorat:
1664 2038 1779 2071 cum
1813 2023 1931 2072 Gal-

398 2113 493 2160 liae
532 2129 622 2176 pro
663 2115 870 2163 consule
910 2122 1201 2178 praeesset,
1249 2112 1399 2162 Indos
1440 2113 1690 2177 quosdam
1734 2130 1761 2163 a
1811 2130 1928 2179 rege

397 2204 684 2254 Sueborum
725 2205 855 2255 dono
895 2206 991 2255 sibi
1032 2206 1197 2267 datos;
1247 2205 1382 2255 unde
1422 2207 1474 2254 in
1514 2221 1599 2254 eas
1637 2213 1796 2256 terras
1836 2207 1929 2256 de-

396 2299 663 2346 venissent·
702 2297 1012 2362 requirendo
1052 2314 1310 2362 cognosse,
1357 2299 1407 2346 vi
1446 2300 1823 2364 tempestatium
1864 2316 1928 2348 ex

398 2388 584 2438 Indicis
612 2390 920 2454 aequoribus
960 2390 1196 2454 abreptos
1235 2407 1572 2455 emensosque
1613 2407 1743 2455 quae
1769 2393 1930 2440 inter—

398 2488 537 2529 erant
589 2481 795 2530 tandem
854 2484 905 2531 in
955 2483 1256 2531 Germaniae
1306 2484 1449 2532 litora
1500 2484 1685 2532 exisse.
1776 2492 1926 2533 restat

396 2588 510 2637 ergo
567 2573 804 2639 pelagus,
864 2573 956 2623 sed
1007 2575 1202 2639 reliqua
1241 2576 1412 2624 lateris
1452 2575 1683 2624 eiusdem
1723 2576 1926 2626 assiduo

395 2665 512 2728 gelu
550 2665 800 2715 durantur
840 2676 890 2716 et
928 2666 1040 2715 ideo
1081 2666 1281 2716 deserta
1321 2674 1456 2716 sunt.

613 2796 633 2809 1-

509 2794 575 2840 45,
620 2805 650 2832 1.
687 2793 894 2833 botorum
917 2795 949 2834 A
972 2799 1008 2834 et
1026 2796 1220 2845 plerique
1241 2796 1329 2842 alii,
1355 2795 1593 2833 Raetorum
1618 2796 1788 2842 Vossius,
1815 2796 1926 2835 Sue-

393 2862 553 2901 borum
585 2863 745 2904 Plim'us
769 2876 795 2902 11
822 2868 914 2903 470.
1133 2870 1169 2905 8.
1208 2868 1523 2917 tempestatum
1545 2876 1590 2906 x.
1780 2870 1818 2906 9.
1857 2867 1925 2905 in-

394 2924 561 2988 tererant
587 2949 631 2988 A.
