2048 3275
850 194 1116 228 nnuman.
1691 185 1756 232 37

211 347 269 381 ac
329 333 688 383 valentissimis
741 334 1034 384 nationibus
1091 337 1241 385 cincti
1302 352 1402 386 non
1460 354 1553 403 per
1610 339 1762 389 obse-

213 426 411 489 quium,
456 424 549 475 sed
590 427 797 491 proeliis
837 444 892 475 ac
933 428 1267 492 periclitando
1297 432 1388 478 tuti
1429 439 1566 480 sunt.
1623 433 1759 483 Reu—

213 516 354 581 digni
394 517 585 567 deinde
626 527 674 568 et
714 518 937 569 Aviones
977 528 1025 569 et
1065 519 1232 586 Anglii
1274 529 1323 570 et
1363 523 1536 572 Varini
1579 533 1626 573 et
1657 525 1761 574 Eu-

212 609 363 660 doses
390 618 440 658 et
467 610 762 661 Suardones
789 620 837 661 et
865 613 1145 662 Nuithones
1175 613 1477 665 fluminibus
1503 625 1587 666 aut
1616 617 1760 667 silvis

213 704 535 754 muniuntur.
629 721 723 754 nec
791 707 1068 770 quicquam
1132 706 1354 756 notabile
1415 710 1463 757 in
1522 711 1752 772 singuiis7

211 796 308 844 nisi
363 796 500 860 quod
565 798 614 846 in
667 814 939 848 commune
990 799 1264 861 Nerthum,
1325 799 1373 849 id
1425 809 1499 850 est
1551 803 1756 852 Terram

212 896 425 938 matrem
489 889 661 940 colunt
700 906 917 955 eamque
947 892 1258 940 intervenire
1286 893 1442 943 rebus
1470 894 1752 949 hominum.

212 981 383 1030 invehi
425 982 626 1047 populis
684 983 1015 1033 arbitrantur.
1105 992 1182 1034 est
1238 986 1288 1034 in
1349 987 1516 1036 insula
1569 988 1756 1038 Oceani

210 1081 405 1124 castum
447 1091 647 1137 nemus,
695 1075 1024 1141 dicatumque
1068 1078 1118 1126 in
1160 1094 1218 1127 eo
1260 1079 1567 1144 vehiculum,
1617 1089 1757 1131 veste

207 1175 515 1218 contectum.
595 1171 843 1235 attingere
884 1171 973 1219 uni
1024 1169 1273 1220 sacerdoti
1314 1188 1633 1222 concessum.
1715 1176 1756 1223 is

207 1259 390 1311 adesse
431 1262 678 1326 penetrali
719 1261 870 1311 deam
926 1263 1172 1328 intellegit
1231 1272 1533 1330 vectamque
1583 1266 1756 1316 bubus

209 1354 412 1404 seminis
453 1355 609 1405 muita
660 1371 775 1404 cum
830 1357 1161 1406 veneratione
1212 1359 1558 1422 prosequitur.
1640 1360 1754 1409 laeti

206 1455 327 1497 tunc.
367 1447 508 1509 dies,
555 1448 681 1498 festa
722 1449 827 1498 loca
868 1465 1227 1514 quaecumque
1255 1449 1483 1501 adventu
1512 1452 1756 1517 hospitio-

203 1555 307 1604 que
346 1538 604 1605 dignatur.
661 1557 761 1590 non
802 1542 934 1591 bella
976 1543 1171 1606 ineunt,
1208 1559 1308 1592 non
1336 1560 1475 1593 arma
1505 1554 1745 1606 sumuut;

203 1633 434 1683 clausum
473 1650 624 1682 omne
668 1634 888 1694 serrum3
948 1651 1049 1700 pax
1098 1644 1147 1685 et
1195 1638 1343 1700 quies
1390 1645 1512 1687 tunc
1553 1646 1749 1688 tantum

204 1734 344 1782 nota,
408 1734 528 1775 tunc
585 1735 781 1777 tantum
839 1736 1030 1792 amata,
1096 1728 1260 1779 donec
1320 1728 1456 1779 idem
1514 1731 1751 1781 sacerdos

319 1915 357 1951 3.
394 1924 444 1951 ac
480 1913 559 1958 Bb,
603 1911 643 1953 Sc
665 1913 733 1955 Cc.
887 1913 1126 1965 Veusdigni
1161 1914 1242 1958 Bb.
1288 1915 1318 1955 R
1346 1927 1479 1968 supra
1523 1919 1553 1956 V
1585 1919 1749 1958 adscri-

201 1987 284 2035 psit
308 1981 346 2037 β,
384 1984 566 2034 Reudigi
595 1984 636 2030 C,
674 1983 886 2035 Reudigni
912 1997 946 2024 c.
1126 1989 1164 2024 Ιι.
1202 1987 1398 2026 Auiones
1423 1989 1527 2036 BCc,
1563 1990 1749 2028 aniones

204 2057 241 2101 b,
279 2067 304 2092 v
325 2067 460 2106 supra
479 2058 669 2106 priorem
703 2067 727 2094 n
761 2061 799 2096 et
822 2059 863 2096 in
888 2059 1083 2108 maryine
1113 2058 1305 2097 Aviones
1329 2056 1367 2112 3.
1471 2061 1596 2109 Angii
1622 2074 1657 2099 c.

204 2128 343 2167 uarini
371 2128 411 2168 C.
594 2131 631 2165 5.
668 2128 879 2168 Suarines
903 2128 1033 2175 Bch,
1069 2129 1208 2168 dones
1229 2141 1365 2180 supra
1398 2131 1493 2169 ines
1525 2132 1750 2182 adscripsit

207 2196 245 2253 3,
285 2189 487 2239 §uermes
519 2210 597 2238 seu
630 2199 880 2238 suardones
913 2200 1276 2252 Seuoeqardiensis
1309 2202 1472 2242 liberet
1493 2203 1748 2242 Suardones

202 2296 284 2324 non
308 2286 415 2324 nulli
436 2285 525 2324 alii.
620 2284 872 2325 Nuithones
897 2286 965 2334 Bc,
1006 2287 1213 2325 nuitones
1240 2288 1281 2334 C,
1319 2292 1533 2327 nurtones
1556 2288 1592 2334 b,
1630 2289 1638 2327 i
1672 2301 1748 2329 su-

198 2367 283 2406 pra
306 2368 326 2395 r
349 2353 387 2410 3
426 2355 643 2395 Nuitones
667 2356 889 2408 Haupeius.
1072 2361 1108 2396 7.
1145 2369 1336 2398 comune
1365 2361 1404 2400 C.
1508 2359 1671 2399 Neithfi
1698 2361 1743 2406 Β,

206 2427 408 2466 neithum
433 2427 469 2474 b,
507 2439 526 2466 r
556 2439 689 2477 supra
722 2428 732 2467 i
767 2426 805 2482 3,
844 2428 1065 2468 ne⁹⁹thum
1093 2429 1144 2473 C.
1190 2429 1410 2470 Nerthum
1434 2444 1469 2470 c.
1573 2431 1618 2470 ·i·
1656 2435 1747 2469 ter-

203 2510 298 2538 ram
320 2510 358 2538 c.
538 2502 577 2538 9.
614 2499 790 2550 populis
823 2500 880 2539 Bb
912 2512 1010 2540 cum
1037 2502 1187 2542 ceteris
1218 2502 1337 2542 libris
1364 2502 1602 2554 plerisque,
1643 2514 1746 2554 pro-

205 2571 312 2622 priis
333 2570 410 2611 soli
437 2571 501 2611 Cc.
649 2573 714 2609 to.
751 2574 947 2611 castrum
975 2573 1062 2612 Cet
1080 2584 1136 2623 pr
1158 2585 1193 2612 c.
1345 2585 1398 2613 eo
1421 2574 1659 2621 Rhenanus,
1696 2587 1746 2613 ea

207 2642 335 2683 Bch.
519 2645 584 2681 ⁴2.
620 2640 707 2681 defi
736 2642 775 2682 C.
872 2643 1077 2694 inteiligit
1099 2644 1214 2684 libri.
1395 2647 1464 2685 tt.
1506 2649 1668 2697 ᾷοοηης
1701 2646 1742 2686 C.

290 2708 542 2779 ospitioque
575 2725 612 2781 3.
742 2730 803 2766 ¹5.
841 2732 991 2767 sumut
1022 2730 1063 2769 Γ.
1208 2733 1275 2769 46.
1307 2734 1371 2770 47.
1409 2734 1516 2770 tune
1547 2726 1608 2771 ῐΤη
1644 2735 1743 2770 nota

205 2799 276 2838 tue
309 2799 434 2838 tantu
458 2799 504 2838 B.
542 2802 648 2838 tunc
672 2795 732 2839 tt‘n
753 2802 852 2837 nota
889 2797 948 2840 (ἧι
967 2812 1002 2846 c,
1049 2812 1165 2841 nunc
1190 2805 1362 2842 tantum
1388 2808 1488 2842 nota
1514 2804 1623 2842 item
1648 2807 1746 2841 tan-

204 2874 299 2910 tum
327 2870 368 2910 C.
464 2870 629 2909 inmota
662 2870 1050 2923 freudenberysus,
1089 2877 1259 2920 amata,
1294 2878 1402 2913 tunc
1435 2877 1609 2914 tuntum
1645 2877 1743 2912 nota

201 2942 511 2988 Lachmanan
546 2942 768 2992 Hauptius.

1794 1092 1841 1126 to

1792 1558 1836 1593 ¹5
