2048 3275
811 199 1077 231 cunnum.
1650 183 1716 232 29

170 342 368 406 privata
408 341 659 404 cuiusque
699 338 940 388 audentia
982 338 1121 404 apud
1161 339 1366 388 Chattos
1407 341 1456 388 in
1498 356 1716 389 eonsen-

170 451 285 485 sum
315 435 480 491 vertit,
528 441 579 482 ut
610 435 834 497 primum
862 432 1199 491 adoleverint,
1247 433 1441 482 crinein
1470 432 1714 483 barbam-

170 543 271 593 que
321 526 626 576 submittere
681 542 775 574 nec
815 526 911 574 nisi
966 525 1106 574 hoste
1146 542 1293 574 caeso
1343 543 1533 576 exuere
1576 529 1715 576 voti-

171 636 291 669 vum
332 619 717 683 obligatumque
747 619 921 666 virtuti
963 619 1063 666 oris
1103 617 1353 667 habitum.
1400 635 1558 684 super
1596 637 1717 670 san-

170 715 378 775 guinem
436 721 485 760 et
541 711 701 776 spolia
771 710 999 759 revelant
1072 711 1318 774 frontem,
1388 728 1549 776 seque
1608 722 1714 762 tum

168 805 378 855 demum
420 806 581 870 pretia
638 803 881 853 nascendi
925 804 1182 853 rettulisse
1224 804 1511 869 dignosque
1552 807 1713 871 patria

168 915 226 948 ac
266 898 568 964 parentibus
609 898 795 946 ferunt.
878 898 1075 957 ignavis
1115 906 1162 946 et
1205 897 1503 947 imbellibus
1543 907 1716 947 manet

167 991 390 1056 squalor.
437 991 742 1040 fortissimus
781 991 1002 1054 quisque
1046 989 1268 1039 ferreum
1325 992 1536 1056 insuper
1575 1007 1716 1040 anu-

169 1085 274 1133 lum
310 1085 722 1149 (ignominiosum
753 1083 801 1132 id
832 1084 985 1144 genti)
1036 1085 1179 1132 velut
1219 1085 1487 1133 vinculum
1528 1092 1706 1147 gestat,

168 1177 330 1226 donee
370 1193 423 1226 se
464 1176 620 1224 caede
661 1177 818 1225 bostis
857 1176 1105 1224 absolvat.
1150 1177 1389 1241 plurimis
1417 1177 1714 1227 Chattorum

169 1271 249 1318 hie
277 1270 439 1335 placet
481 1269 702 1330 habitus,
749 1270 953 1333 iamque
981 1279 1168 1318 canent
1209 1270 1434 1335 insignes
1462 1278 1511 1319 et
1550 1271 1716 1319 hosti-

169 1363 267 1412 bus
318 1363 469 1412 simul
523 1363 735 1426 suisque
777 1363 1061 1411 monstrati.
1130 1365 1360 1412 omnium
1412 1379 1574 1428 penes
1626 1364 1716 1412 hos

170 1457 308 1504 initia
363 1470 681 1520 pugnarum,
742 1455 867 1504 haec
917 1457 1083 1519 prima
1133 1471 1340 1520 semper
1389 1457 1541 1518 acies,
1602 1457 1716 1506 visu

168 1565 319 1597 nova.
364 1564 481 1598 nam
523 1564 587 1597 no
627 1549 679 1596 in
720 1564 844 1613 pace
886 1547 1099 1613 quidem
1139 1550 1286 1599 vultu
1327 1550 1526 1599 mitiore
1567 1566 1715 1598 man-

166 1649 427 1691 suescunt.
498 1641 626 1689 nulli
677 1639 860 1690 domus
910 1650 997 1690 aut
1045 1658 1167 1707 ager
1217 1651 1305 1692 aut
1342 1643 1514 1706 aliqua
1556 1659 1707 1692 cura:

166 1742 319 1799 prout
368 1733 432 1782 ad
473 1749 734 1798 quemque
777 1750 966 1783 venere.
1007 1735 1242 1796 aluntur,
1298 1735 1496 1800 prodigi
1537 1736 1708 1798 alieni,

168 1835 544 1890 contemptores
571 1828 667 1887 sui,
702 1825 865 1875 donec
887 1828 1136 1893 exanguis
1163 1837 1402 1878 senectus
1430 1836 1529 1878 tam
1553 1827 1713 1878 durae

168 1921 342 1970 virtuti
385 1921 606 1984 impares
649 1919 810 1969 faciat.

282 2188 321 2223 2.
358 2161 501 2224 obitos
527 2185 568 2230 C,
603 2188 744 2224 cattos
767 2185 802 2224 b.
952 2188 991 2225 3.
1027 2186 1275 2225 adoleverit
1302 2186 1341 2226 C.
1477 2189 1514 2227 4.
1553 2181 1713 2227 sffm‘n-

168 2260 258 2295 tere
287 2256 389 2296 BbC.
485 2260 578 2294 oste
603 2257 638 2295 b.
810 2261 849 2296 5.
887 2253 1007 2311 boris
1034 2258 1074 2297 C.
1257 2262 1295 2297 6.
1334 2258 1551 2297 revellunt
1584 2260 1623 2300 C.

166 2338 270 2366 eum
298 2326 338 2367 C.
386 2378 430 2410 l·
522 2331 559 2366 7.
597 2328 742 2379 precia
769 2328 815 2375 B,
850 2329 946 2382 pcia
971 2329 1008 2376 b,
1044 2329 1183 2380 pretia
1213 2330 1254 2377 C,
1290 2331 1457 2382 praelia
1480 2341 1515 2369 c.
1613 2342 1713 2370 nas—

165 2413 344 2457 cendic‚
383 2413 594 2452 noscendi
623 2414 667 2460 B,
705 2414 918 2454 noscendi
942 2414 1013 2455 bc.
1090 2415 1295 2454 retulisse
1319 2416 1433 2455 libri.
1560 2421 1597 2455 8.
1637 2428 1714 2468 pn-

168 2483 337 2523 retibus
365 2484 406 2525 C.
504 2484 745 2524 inbellibus
767 2486 807 2526 C.
989 2490 1028 2548 9.
1067 2485 1234 2525 serrum
1260 2499 1293 2525 c.
1388 2486 1569 2527 ariulum
1599 2488 1638 2529 C.

286 2574 349 2609 40.
388 2570 431 2609 id
454 2572 570 2621 genti
597 2583 664 2610 om
691 2572 731 2612 C.
890 2575 952 2610 ll.
989 2549 1098 2611 ostis
1122 2569 1160 2625 β.
1224 2545 1476 2628 absolut-ssi
1499 2575 1535 2613 b.
1619 2580 1714 2614 cat-

167 2658 313 2695 torum
339 2656 374 2694 b.
517 2660 581 2696 42.
620 2660 663 2696 et
683 2669 822 2707 supra
844 2669 1017 2697 versum
1040 2659 1075 2696 b.
1170 2635 1344 2698 ostibus
1369 2656 1407 2712 β.
1550 2663 1615 2699 43.
1653 2662 1714 2699 si-

166 2726 257 2765 mul
283 2738 385 2766 corr
404 2738 460 2767 ex
482 2728 591 2767 sima
620 2728 660 2769 C.
736 2740 848 2780 pene
876 2729 917 2769 C.
1070 2733 1137 2769 45.
1173 2730 1296 2770 cultu
1324 2731 1388 2771 Cc.
1546 2736 1609 2771 46.
1638 2744 1713 2772 ru-

165 2807 209 2836 ra
252 2809 354 2838 corr
384 2800 426 2837 in
457 2810 561 2838 cura
593 2804 638 2839 ut
678 2800 847 2840 videtur
881 2801 937 2848 B,
993 2812 1093 2841 rura
1117 2802 1163 2850 b,
1199 2814 1224 2841 c
1253 2814 1391 2852 supra
1423 2804 1647 2854 adscripsit
1669 2802 1707 2857 β.

284 2872 350 2910 47.
385 2879 596 2921 quenque
619 2871 679 2910 bc.
774 2872 906 2912 alieni
931 2873 1026 2920 Boc,
1051 2885 1101 2912 ac
1125 2875 1166 2913 ni
1195 2874 1236 2914 C.
1423 2877 1486 2914 ⁴8.
1523 2878 1710 2915 conten-

165 2942 283 2980 tores
309 2940 349 2981 C.
446 2953 498 2980 ex
519 2943 676 2993 anguis
703 2942 746 2990 C,
791 2954 1016 2994 exangues
1040 2945 1076 2984 b.

1750 643 1771 678 5

1751 1109 1797 1144 ⁴0

1750 1574 1798 1611 ⁴5
