2048 3275
536 188 593 221 οε
637 187 790 221 netto
831 188 1232 221 mucomxxuzo.
1552 175 1648 222 143

118 330 326 393 ingressi
367 336 512 385 sunt,
571 326 760 376 sedens
800 343 915 377 cum
958 327 1108 377 fratre
1169 331 1218 377 in
1274 329 1509 378 vehiculo
1551 331 1649 379 Lu·

115 422 224 470 cius
261 420 496 486 apoplexi
537 428 771 485 arreptus
809 422 977 486 periit.

215 552 224 561 .
269 522 440 562 eontra
489 516 769 563 Germanos
806 529 888 561 res
927 513 1137 562 feliciter
1175 515 1347 578 gessit.
1428 516 1646 579 speciale

117 608 222 670 ipse
264 605 454 654 bellum
496 607 980 656 Marcomannicum.
1027 605 1118 654 sed
1148 614 1336 670 quanta
1365 608 1503 656 nulla
1533 624 1651 657 um-

115 714 267 763 quam
310 700 550 747 memoria
604 699 696 747 fuit
748 715 864 747 eum
907 700 1091 747 virtute
1150 707 1255 748 tum
1297 701 1445 747 etiam
1487 699 1648 749 felici-

116 798 215 839 tate
256 793 513 855 transegit,
560 799 606 839 et
648 808 706 840 eo
746 790 955 856 quidem
994 800 1223 856 tempore
1262 807 1362 856 quo
1401 793 1650 856 pestilen-

1682 346 1731 381 25

1684 525 1739 569 17

116 885 180 933 tia
237 885 408 945 gravis
461 884 615 933 multa
670 884 805 932 milia
857 893 905 932 et
962 884 1284 949 popularium
1336 892 1382 932 et
1433 885 1650 934 militum
1687 903 1706 936 5

118 977 459 1024 interemerat.
549 978 833 1026 Pannonias
891 993 1032 1041 ergo,
1099 979 1467 1026 Marcomannis
1532 980 1652 1028 Sar-

118 1069 264 1117 matis
305 1068 560 1130 Vandalis,
606 1070 758 1119 simul
799 1072 949 1119 etiam
990 1070 1183 1128 Quadis
1223 1071 1485 1133 extinctis,
1543 1086 1652 1118 ser-

122 1162 238 1209 vitio
279 1160 511 1210 liberavit
552 1170 596 1210 et
637 1163 822 1211 Romae
852 1179 966 1211 cum
1008 1162 1310 1224 Commodo,
1357 1179 1511 1227 quem
1553 1165 1650 1211 iam

118 1253 385 1303 Caesarem
418 1254 619 1318 fecerat,
667 1255 767 1304 filio
808 1264 860 1304 ut
903 1255 1128 1305 diximus
1167 1273 1259 1305 suo
1299 1256 1647 1321 triumphavit.

114 1361 227 1395 cum
257 1355 426 1395 autem
468 1346 530 1395 ad
572 1348 662 1396 hoe
702 1348 892 1397 bellum
945 1365 1095 1397 omne
1146 1350 1401 1398 aerarium
1456 1350 1653 1399 exhau-

117 1439 263 1487 sisset
304 1456 471 1502 suum,
518 1455 687 1504 neque
728 1442 779 1489 in
819 1443 1046 1490 animum
1099 1441 1365 1491 induceret
1418 1450 1473 1491 ut
1510 1451 1651 1491 extra

117 1530 348 1580 ordinem
401 1533 799 1598 provincialibus
850 1534 1043 1598 aliquid
1083 1536 1388 1599 imperaret,
1446 1536 1495 1583 in
1550 1535 1654 1584 foro

118 1622 221 1671 divi
263 1626 462 1673 Traiani
514 1627 799 1675 auctionem
853 1636 1270 1677 ornamentorum
1311 1628 1651 1692 imperialium

120 1715 230 1764 fecit
285 1717 620 1782 vendiditque
686 1735 840 1768 aurea
917 1720 1095 1785 pocula
1159 1728 1209 1769 et
1263 1721 1553 1785 crystallina
1605 1730 1651 1770 et

120 1811 363 1859 murrina.
412 1827 530 1859 vasa
571 1813 721 1860 etiam
775 1814 912 1877 regia
953 1821 1001 1861 et
1041 1821 1234 1862 vestem
1284 1815 1513 1863 uxoriam
1564 1830 1649 1863 se-

120 1903 273 1950 ricam
313 1909 360 1951 et
400 1911 649 1965 auratam,
680 1921 907 1969 gemmas
944 1907 1068 1970 quin
1110 1907 1261 1955 etiam
1302 1923 1430 1971 quas
1469 1909 1654 1957 multas

122 1996 172 2043 in
213 1997 488 2059 repostorio
527 1998 777 2046 sanctiore
808 1996 1047 2047 Hadriani
1085 2008 1398 2065 reppererat.
1466 2008 1515 2048 et
1561 2015 1656 2065 per

119 2085 247 2136 duos
304 2087 514 2151 quidem
565 2105 770 2139 menses
810 2091 934 2139 haee
982 2091 1210 2141 venditio
1268 2091 1521 2142 celebrata
1578 2102 1657 2142 est

121 2187 418 2245 tantumque
459 2182 568 2230 auri
607 2182 868 2233 redactum
909 2191 965 2232 ut
1021 2186 1263 2249 reliquias
1301 2185 1420 2235 belli
1461 2188 1656 2235 Marco-

121 2274 342 2322 mannici
385 2290 447 2322 ex
487 2276 737 2324 sententia
780 2285 1080 2339 persecutus
1119 2287 1291 2342 postea
1334 2277 1531 2328 dederit
1561 2295 1654 2344 po-

119 2372 349 2415 testatem
400 2367 718 2431 emptoribus
770 2378 850 2430 ut,
933 2370 1065 2434 siqui
1120 2371 1270 2419 vellet
1313 2380 1480 2437 empta
1533 2371 1655 2421 red-

119 2457 241 2507 dere
281 2467 432 2523 atque
473 2476 653 2509 aurum
696 2462 938 2525 recipere,
986 2463 1137 2511 sciret
1175 2464 1346 2513 licere.

1690 1361 1736 1394 ⁴0

1686 1827 1732 1862 45

1687 2296 1737 2331 20

219 2589 227 2597 .
273 2552 490 2600 instante
531 2568 653 2601 sane
693 2552 859 2603 adhue
898 2555 1182 2619 pestilentia
1214 2565 1260 2604 et
1290 2555 1501 2607 deorum
1543 2558 1653 2607 cul-
1685 2563 1745 2607 21

233 2789 299 2826 26.
337 2788 447 2838 perit

231 2860 296 2902 47,
335 2860 374 2899 2.
412 2862 575 2909 quanta
600 2860 821 2908 lov-danus,
857 2866 1022 2913 quanto
1049 2862 1128 2903 ΒΡ.
1268 2866 1304 2903 7.
1342 2865 1578 2905 uuandalis

178 2932 243 2967 2¹.
281 2929 489 2969 redderet
