<?xml version="1.0" encoding="UTF-8"?>
<!DOCTYPE html PUBLIC "-//W3C//DTD XHTML 1.0 Transitional//EN"
    "http://www.w3.org/TR/xhtml1/DTD/xhtml1-transitional.dtd">
<html xmlns="http://www.w3.org/1999/xhtml" xml:lang="en" lang="en">
 <head>
  <title>
</title>
<meta http-equiv="Content-Type" content="text/html;charset=utf-8" />
  <meta name='ocr-system' content='tesseract 3.04.00' />
  <meta name='ocr-capabilities' content='ocr_page ocr_carea ocr_par ocr_line ocrx_word'/>
</head>
<body>
  <div class='ocr_page' id='page_1' title='image "./germaniaantiquac00taciuoft_0112.png"; bbox 0 0 2048 3275; ppageno 0'>
   <div class='ocr_carea' id='block_1_1' title="bbox 323 485 343 519">
    <p class='ocr_par' dir='ltr' id='par_1_1' title="bbox 323 485 343 519">
     <span class='ocr_line' id='line_1_1' title="bbox 323 485 343 519; baseline 0 0"><span class='ocrx_word' id='word_1_1' title='bbox 323 485 343 519; x_wconf 84' lang='lat'>5</span> 
     </span>
    </p>
   </div>
   <div class='ocr_carea' id='block_1_2' title="bbox 297 949 344 982">
    <p class='ocr_par' dir='ltr' id='par_1_2' title="bbox 297 949 344 982">
     <span class='ocr_line' id='line_1_2' title="bbox 297 949 344 982; baseline -0.043 0"><span class='ocrx_word' id='word_1_2' title='bbox 297 949 309 982; x_wconf 75' lang='grc'><strong>1</strong></span> <span class='ocrx_word' id='word_1_3' title='bbox 325 950 344 982; x_wconf 81' lang='grc' dir='ltr'><strong>Ο</strong></span> 
     </span>
    </p>
   </div>
   <div class='ocr_carea' id='block_1_3' title="bbox 324 1123 346 1162">
    <p class='ocr_par' dir='ltr' id='par_1_3' title="bbox 324 1123 346 1162">
     <span class='ocr_line' id='line_1_3' title="bbox 324 1123 346 1162; textangle 90"><span class='ocrx_word' id='word_1_4' title='bbox 324 1123 346 1162; x_wconf 56' lang='grc' dir='ltr'>ΙΨ</span> 
     </span>
    </p>
   </div>
   <div class='ocr_carea' id='block_1_4' title="bbox 380 219 1391 269">
    <p class='ocr_par' dir='ltr' id='par_1_4' title="bbox 380 219 1391 269">
     <span class='ocr_line' id='line_1_4' title="bbox 380 219 1391 269; baseline 0 -1"><span class='ocrx_word' id='word_1_5' title='bbox 380 219 480 269; x_wconf 80' lang='grc'>102</span> <span class='ocrx_word' id='word_1_6' title='bbox 896 236 922 267; x_wconf 80' lang='lat' dir='ltr'>E</span> <span class='ocrx_word' id='word_1_7' title='bbox 949 235 1096 267; x_wconf 81' lang='lat' dir='ltr'>PL1N11</span> <span class='ocrx_word' id='word_1_8' title='bbox 1120 228 1265 268; x_wconf 67' lang='lat' dir='ltr'>&#39;rinno</span> <span class='ocrx_word' id='word_1_9' title='bbox 1292 236 1391 268; x_wconf 65' lang='grc' dir='ltr'>ΧΠ.</span> 
     </span>
    </p>
   </div>
   <div class='ocr_carea' id='block_1_5' title="bbox 376 373 1924 2380">
    <p class='ocr_par' dir='ltr' id='par_1_5' title="bbox 376 373 1922 1071">
     <span class='ocr_line' id='line_1_5' title="bbox 377 373 1912 440; baseline 0 -15"><span class='ocrx_word' id='word_1_10' title='bbox 377 377 442 425; x_wconf 85' lang='lat' dir='ltr'>ab</span> <span class='ocrx_word' id='word_1_11' title='bbox 481 376 685 425; x_wconf 89' lang='lat' dir='ltr'>homine</span> <span class='ocrx_word' id='word_1_12' title='bbox 737 374 963 424; x_wconf 78' lang='lat' dir='ltr'>didicere</span> <span class='ocrx_word' id='word_1_13' title='bbox 1014 373 1233 424; x_wconf 84' lang='lat' dir='ltr'>blandos</span> <span class='ocrx_word' id='word_1_14' title='bbox 1283 390 1489 440; x_wconf 90' lang='lat' dir='ltr'>sapores</span> <span class='ocrx_word' id='word_1_15' title='bbox 1539 374 1810 439; x_wconf 82' lang='lat' dir='ltr'>adoptione</span> <span class='ocrx_word' id='word_1_16' title='bbox 1862 385 1912 425; x_wconf 88' lang='lat' dir='ltr'>et</span> 
     </span>
     <span class='ocr_line' id='line_1_6' title="bbox 379 467 1922 531; baseline 0 -13"><span class='ocrx_word' id='word_1_17' title='bbox 379 468 614 531; x_wconf 85' lang='lat' dir='ltr'>conubio,</span> <span class='ocrx_word' id='word_1_18' title='bbox 661 497 728 503; x_wconf 94' lang='lat'>—</span> <span class='ocrx_word' id='word_1_19' title='bbox 767 467 923 531; x_wconf 91' lang='lat' dir='ltr'>idque</span> <span class='ocrx_word' id='word_1_20' title='bbox 962 483 1152 515; x_wconf 90' lang='lat' dir='ltr'>munus</span> <span class='ocrx_word' id='word_1_21' title='bbox 1190 468 1339 516; x_wconf 81' lang='lat' dir='ltr'>etiam</span> <span class='ocrx_word' id='word_1_22' title='bbox 1380 467 1556 516; x_wconf 80' lang='lat' dir='ltr'>aseris</span> <span class='ocrx_word' id='word_1_23' title='bbox 1588 468 1922 518; x_wconf 75' lang='lat' dir='ltr'>volucribus·</span> 
     </span>
     <span class='ocr_line' id='line_1_7' title="bbox 379 559 1911 625; baseline -0.001 -15"><span class='ocrx_word' id='word_1_24' title='bbox 379 578 479 625; x_wconf 92' lang='lat' dir='ltr'>que</span> <span class='ocrx_word' id='word_1_25' title='bbox 519 560 810 624; x_wconf 81' lang='lat' dir='ltr'>didicimus,</span> <span class='ocrx_word' id='word_1_26' title='bbox 861 588 921 595; x_wconf 97' lang='lat'>—</span> <span class='ocrx_word' id='word_1_27' title='bbox 964 561 1096 608; x_wconf 83' lang='lat' dir='ltr'>intra</span> <span class='ocrx_word' id='word_1_28' title='bbox 1143 559 1429 624; x_wconf 89' lang='lat' dir='ltr'>praedictas</span> <span class='ocrx_word' id='word_1_29' title='bbox 1477 567 1724 609; x_wconf 79' lang='lat' dir='ltr'>constant.</span> <span class='ocrx_word' id='word_1_30' title='bbox 1788 576 1911 624; x_wconf 91' lang='lat' dir='ltr'>pro—</span> 
     </span>
     <span class='ocr_line' id='line_1_8' title="bbox 376 649 1912 717; baseline -0.001 -15"><span class='ocrx_word' id='word_1_31' title='bbox 376 655 574 702; x_wconf 75' lang='lat' dir='ltr'>ximum</span> <span class='ocrx_word' id='word_1_32' title='bbox 614 661 722 702; x_wconf 83' lang='lat' dir='ltr'>erat</span> <span class='ocrx_word' id='word_1_33' title='bbox 747 649 954 701; x_wconf 76' lang='lat' dir='ltr'>narrare</span> <span class='ocrx_word' id='word_1_34' title='bbox 983 651 1306 717; x_wconf 74' lang='lat' dir='ltr'>glandiferas,</span> <span class='ocrx_word' id='word_1_35' title='bbox 1342 667 1472 715; x_wconf 91' lang='lat' dir='ltr'>quae</span> <span class='ocrx_word' id='word_1_36' title='bbox 1498 653 1693 716; x_wconf 82' lang='lat' dir='ltr'>primae</span> <span class='ocrx_word' id='word_1_37' title='bbox 1720 653 1912 701; x_wconf 82' lang='lat' dir='ltr'>victum</span> 
     </span>
     <span class='ocr_line' id='line_1_9' title="bbox 378 744 1906 809; baseline 0 -15"><span class='ocrx_word' id='word_1_38' title='bbox 378 746 667 794; x_wconf 76' lang='lat' dir='ltr'>mortalium</span> <span class='ocrx_word' id='word_1_39' title='bbox 707 745 960 806; x_wconf 87' lang='lat' dir='ltr'>aluerunt,</span> <span class='ocrx_word' id='word_1_40' title='bbox 1006 745 1231 793; x_wconf 89' lang='lat' dir='ltr'>nutrices</span> <span class='ocrx_word' id='word_1_41' title='bbox 1270 745 1435 808; x_wconf 90' lang='lat' dir='ltr'>inopis</span> <span class='ocrx_word' id='word_1_42' title='bbox 1473 760 1531 793; x_wconf 86' lang='lat' dir='ltr'>ac</span> <span class='ocrx_word' id='word_1_43' title='bbox 1570 744 1703 794; x_wconf 84' lang='lat' dir='ltr'>ferae</span> <span class='ocrx_word' id='word_1_44' title='bbox 1742 747 1906 809; x_wconf 88' lang='lat' dir='ltr'>sortis,</span> 
     </span>
     <span class='ocr_line' id='line_1_10' title="bbox 378 835 1922 902; baseline 0 -16"><span class='ocrx_word' id='word_1_45' title='bbox 378 839 430 886; x_wconf 89' lang='lat' dir='ltr'>ni</span> <span class='ocrx_word' id='word_1_46' title='bbox 469 838 726 902; x_wconf 81' lang='lat' dir='ltr'>praeverti</span> <span class='ocrx_word' id='word_1_47' title='bbox 766 844 969 901; x_wconf 87' lang='lat' dir='ltr'>cogeret</span> <span class='ocrx_word' id='word_1_48' title='bbox 1005 835 1273 885; x_wconf 87' lang='lat' dir='ltr'>admiratio</span> <span class='ocrx_word' id='word_1_49' title='bbox 1310 852 1410 885; x_wconf 92' lang='lat' dir='ltr'>usu</span> <span class='ocrx_word' id='word_1_50' title='bbox 1449 845 1711 901; x_wconf 88' lang='lat' dir='ltr'>conperta,</span> <span class='ocrx_word' id='word_1_51' title='bbox 1752 853 1922 901; x_wconf 54' lang='lat' dir='ltr'>quae-v</span> 
     </span>
     <span class='ocr_line' id='line_1_11' title="bbox 380 928 1912 993; baseline 0 -14"><span class='ocrx_word' id='word_1_52' title='bbox 380 946 498 979; x_wconf 86' lang='lat' dir='ltr'>nam</span> <span class='ocrx_word' id='word_1_53' title='bbox 549 929 817 993; x_wconf 91' lang='lat' dir='ltr'>qualisque</span> <span class='ocrx_word' id='word_1_54' title='bbox 869 937 1003 978; x_wconf 91' lang='lat' dir='ltr'>esset</span> <span class='ocrx_word' id='word_1_55' title='bbox 1053 930 1154 978; x_wconf 86' lang='lat' dir='ltr'>vita</span> <span class='ocrx_word' id='word_1_56' title='bbox 1207 930 1316 977; x_wconf 89' lang='lat' dir='ltr'>sine</span> <span class='ocrx_word' id='word_1_57' title='bbox 1374 928 1553 977; x_wconf 86' lang='lat' dir='ltr'>arbore</span> <span class='ocrx_word' id='word_1_58' title='bbox 1612 930 1742 993; x_wconf 87' lang='lat' dir='ltr'>ulla,</span> <span class='ocrx_word' id='word_1_59' title='bbox 1802 932 1912 979; x_wconf 88' lang='lat' dir='ltr'>sine</span> 
     </span>
     <span class='ocr_line' id='line_1_12' title="bbox 379 1022 905 1071; baseline -0.004 -1"><span class='ocrx_word' id='word_1_60' title='bbox 379 1022 558 1071; x_wconf 81' lang='lat' dir='ltr'>frutice</span> <span class='ocrx_word' id='word_1_61' title='bbox 599 1022 905 1070; x_wconf 77' lang='lat' dir='ltr'>viventium.</span> 
     </span>
    </p>

    <p class='ocr_par' dir='ltr' id='par_1_6' title="bbox 379 1112 1924 2380">
     <span class='ocr_line' id='line_1_13' title="bbox 488 1112 1912 1177; baseline 0 -15"><span class='ocrx_word' id='word_1_62' title='bbox 488 1113 713 1162; x_wconf 81' lang='lat' dir='ltr'>diximus</span> <span class='ocrx_word' id='word_1_63' title='bbox 758 1122 807 1161; x_wconf 89' lang='lat' dir='ltr'>et</span> <span class='ocrx_word' id='word_1_64' title='bbox 856 1114 908 1161; x_wconf 91' lang='lat' dir='ltr'>in</span> <span class='ocrx_word' id='word_1_65' title='bbox 961 1114 1155 1161; x_wconf 88' lang='lat' dir='ltr'>oriente</span> <span class='ocrx_word' id='word_1_66' title='bbox 1207 1112 1417 1177; x_wconf 91' lang='lat' dir='ltr'>quidem</span> <span class='ocrx_word' id='word_1_67' title='bbox 1469 1114 1610 1162; x_wconf 73' lang='lat' dir='ltr'>iuxta</span> <span class='ocrx_word' id='word_1_68' title='bbox 1651 1113 1912 1162; x_wconf 78' lang='lat' dir='ltr'>Oceanum</span> 
     </span>
     <span class='ocr_line' id='line_1_14' title="bbox 380 1207 1912 1271; baseline 0 -16"><span class='ocrx_word' id='word_1_69' title='bbox 380 1207 668 1271; x_wconf 75' lang='lat' dir='ltr'>complures</span> <span class='ocrx_word' id='word_1_70' title='bbox 720 1222 778 1255; x_wconf 89' lang='lat' dir='ltr'>ea</span> <span class='ocrx_word' id='word_1_71' title='bbox 830 1207 881 1254; x_wconf 88' lang='lat' dir='ltr'>in</span> <span class='ocrx_word' id='word_1_72' title='bbox 934 1207 1233 1254; x_wconf 82' lang='lat' dir='ltr'>necessitate</span> <span class='ocrx_word' id='word_1_73' title='bbox 1283 1214 1476 1270; x_wconf 77' lang='lat' dir='ltr'>gentes.</span> <span class='ocrx_word' id='word_1_74' title='bbox 1545 1214 1661 1254; x_wconf 89' lang='lat' dir='ltr'>sunt</span> <span class='ocrx_word' id='word_1_75' title='bbox 1700 1221 1823 1254; x_wconf 82' lang='lat' dir='ltr'>vero</span> <span class='ocrx_word' id='word_1_76' title='bbox 1865 1216 1912 1255; x_wconf 89' lang='lat' dir='ltr'>et</span> 
     </span>
     <span class='ocr_line' id='line_1_15' title="bbox 380 1298 1906 1363; baseline -0.001 -15"><span class='ocrx_word' id='word_1_77' title='bbox 380 1301 431 1348; x_wconf 91' lang='lat' dir='ltr'>in</span> <span class='ocrx_word' id='word_1_78' title='bbox 472 1300 816 1363; x_wconf 79' lang='lat' dir='ltr'>septentrione</span> <span class='ocrx_word' id='word_1_79' title='bbox 855 1299 995 1347; x_wconf 75' lang='lat' dir='ltr'>visae</span> <span class='ocrx_word' id='word_1_80' title='bbox 1023 1298 1173 1347; x_wconf 87' lang='lat' dir='ltr'>nobis</span> <span class='ocrx_word' id='word_1_81' title='bbox 1213 1298 1530 1347; x_wconf 87' lang='lat' dir='ltr'>Chaucorum</span> <span class='ocrx_word' id='word_1_82' title='bbox 1559 1299 1649 1362; x_wconf 89' lang='lat' dir='ltr'>qui</span> <span class='ocrx_word' id='word_1_83' title='bbox 1689 1299 1906 1348; x_wconf 88' lang='lat' dir='ltr'>maiores</span> 
     </span>
     <span class='ocr_line' id='line_1_16' title="bbox 380 1390 1914 1456; baseline -0.001 -16"><span class='ocrx_word' id='word_1_84' title='bbox 380 1392 704 1455; x_wconf 87' lang='lat' dir='ltr'>minoresque</span> <span class='ocrx_word' id='word_1_85' title='bbox 745 1391 1086 1456; x_wconf 85' lang='lat' dir='ltr'>appellantur.</span> <span class='ocrx_word' id='word_1_86' title='bbox 1167 1399 1305 1440; x_wconf 73' lang='lat' dir='ltr'>vasto</span> <span class='ocrx_word' id='word_1_87' title='bbox 1355 1391 1424 1439; x_wconf 84' lang='lat' dir='ltr'>ibi</span> <span class='ocrx_word' id='word_1_88' title='bbox 1465 1399 1638 1439; x_wconf 83' lang='lat' dir='ltr'>meatu</span> <span class='ocrx_word' id='word_1_89' title='bbox 1682 1390 1761 1440; x_wconf 89' lang='lat' dir='ltr'>bis</span> <span class='ocrx_word' id='word_1_90' title='bbox 1801 1390 1914 1439; x_wconf 91' lang='lat' dir='ltr'>die-</span> 
     </span>
     <span class='ocr_line' id='line_1_17' title="bbox 380 1483 1912 1548; baseline -0.001 -16"><span class='ocrx_word' id='word_1_91' title='bbox 380 1501 493 1533; x_wconf 87' lang='lat' dir='ltr'>rum</span> <span class='ocrx_word' id='word_1_92' title='bbox 533 1485 864 1547; x_wconf 82' lang='lat' dir='ltr'>noctiumque</span> <span class='ocrx_word' id='word_1_93' title='bbox 914 1484 1231 1548; x_wconf 89' lang='lat' dir='ltr'>singularum</span> <span class='ocrx_word' id='word_1_94' title='bbox 1282 1484 1566 1533; x_wconf 79' lang='lat' dir='ltr'>intervallis</span> <span class='ocrx_word' id='word_1_95' title='bbox 1617 1483 1810 1533; x_wconf 88' lang='lat' dir='ltr'>effusus</span> <span class='ocrx_word' id='word_1_96' title='bbox 1859 1484 1912 1531; x_wconf 87' lang='lat' dir='ltr'>in</span> 
     </span>
     <span class='ocr_line' id='line_1_18' title="bbox 379 1576 1923 1641; baseline 0 -16"><span class='ocrx_word' id='word_1_97' title='bbox 379 1579 671 1626; x_wconf 89' lang='lat' dir='ltr'>inmensum</span> <span class='ocrx_word' id='word_1_98' title='bbox 711 1578 878 1641; x_wconf 82' lang='lat' dir='ltr'>agitur</span> <span class='ocrx_word' id='word_1_99' title='bbox 915 1576 1184 1639; x_wconf 75' lang='lat' dir='ltr'>Oceanus,</span> <span class='ocrx_word' id='word_1_100' title='bbox 1241 1577 1476 1640; x_wconf 87' lang='lat' dir='ltr'>operiens</span> <span class='ocrx_word' id='word_1_101' title='bbox 1524 1576 1769 1625; x_wconf 79' lang='lat' dir='ltr'>alternam</span> <span class='ocrx_word' id='word_1_102' title='bbox 1830 1593 1923 1625; x_wconf 72' lang='lat' dir='ltr'>re-</span> 
     </span>
     <span class='ocr_line' id='line_1_19' title="bbox 379 1667 1911 1732; baseline 0 -14"><span class='ocrx_word' id='word_1_103' title='bbox 379 1686 493 1718; x_wconf 82' lang='lat' dir='ltr'>runi</span> <span class='ocrx_word' id='word_1_104' title='bbox 545 1678 758 1718; x_wconf 89' lang='lat' dir='ltr'>naturae</span> <span class='ocrx_word' id='word_1_105' title='bbox 811 1670 1209 1718; x_wconf 85' lang='lat' dir='ltr'>controversiam</span> <span class='ocrx_word' id='word_1_106' title='bbox 1267 1667 1583 1732; x_wconf 83' lang='lat' dir='ltr'>dubiamque</span> <span class='ocrx_word' id='word_1_107' title='bbox 1631 1678 1797 1718; x_wconf 85' lang='lat' dir='ltr'>terrae</span> <span class='ocrx_word' id='word_1_108' title='bbox 1850 1671 1911 1719; x_wconf 88' lang='lat' dir='ltr'>sit</span> 
     </span>
     <span class='ocr_line' id='line_1_20' title="bbox 381 1760 1913 1826; baseline 0.001 -17"><span class='ocrx_word' id='word_1_109' title='bbox 381 1777 446 1810; x_wconf 88' lang='lat' dir='ltr'>an</span> <span class='ocrx_word' id='word_1_110' title='bbox 484 1768 681 1824; x_wconf 86' lang='lat' dir='ltr'>partem</span> <span class='ocrx_word' id='word_1_111' title='bbox 710 1762 883 1810; x_wconf 83' lang='lat' dir='ltr'>maris.</span> <span class='ocrx_word' id='word_1_112' title='bbox 964 1761 1065 1809; x_wconf 90' lang='lat' dir='ltr'>illic</span> <span class='ocrx_word' id='word_1_113' title='bbox 1106 1763 1290 1809; x_wconf 89' lang='lat' dir='ltr'>misera</span> <span class='ocrx_word' id='word_1_114' title='bbox 1319 1777 1442 1825; x_wconf 88' lang='lat' dir='ltr'>gens</span> <span class='ocrx_word' id='word_1_115' title='bbox 1469 1760 1691 1810; x_wconf 85' lang='lat' dir='ltr'>tumulos</span> <span class='ocrx_word' id='word_1_116' title='bbox 1719 1764 1913 1826; x_wconf 88' lang='lat' dir='ltr'>optinet</span> 
     </span>
     <span class='ocr_line' id='line_1_21' title="bbox 380 1853 1910 1918; baseline 0.001 -17"><span class='ocrx_word' id='word_1_117' title='bbox 380 1854 505 1902; x_wconf 88' lang='lat' dir='ltr'>altos</span> <span class='ocrx_word' id='word_1_118' title='bbox 533 1870 627 1903; x_wconf 90' lang='lat' dir='ltr'>ceu</span> <span class='ocrx_word' id='word_1_119' title='bbox 648 1853 924 1902; x_wconf 87' lang='lat' dir='ltr'>tribunalia</span> <span class='ocrx_word' id='word_1_120' title='bbox 957 1862 1186 1902; x_wconf 75' lang='lat' dir='ltr'>extructa</span> <span class='ocrx_word' id='word_1_121' title='bbox 1213 1853 1454 1902; x_wconf 86' lang='lat' dir='ltr'>manibus</span> <span class='ocrx_word' id='word_1_122' title='bbox 1470 1853 1535 1902; x_wconf 88' lang='lat' dir='ltr'>ad</span> <span class='ocrx_word' id='word_1_123' title='bbox 1563 1855 1910 1918; x_wconf 83' lang='lat' dir='ltr'>experimenta</span> 
     </span>
     <span class='ocr_line' id='line_1_22' title="bbox 380 1946 1924 2010; baseline 0.001 -16"><span class='ocrx_word' id='word_1_124' title='bbox 380 1946 611 1995; x_wconf 86' lang='lat' dir='ltr'>altissimi</span> <span class='ocrx_word' id='word_1_125' title='bbox 651 1953 836 2009; x_wconf 85' lang='lat' dir='ltr'>aestus,</span> <span class='ocrx_word' id='word_1_126' title='bbox 883 1947 1012 1994; x_wconf 89' lang='lat' dir='ltr'>casis</span> <span class='ocrx_word' id='word_1_127' title='bbox 1053 1946 1119 1994; x_wconf 86' lang='lat' dir='ltr'>ita</span> <span class='ocrx_word' id='word_1_128' title='bbox 1158 1946 1406 2010; x_wconf 81' lang='lat' dir='ltr'>inpositis,</span> <span class='ocrx_word' id='word_1_129' title='bbox 1441 1946 1803 2010; x_wconf 81' lang='lat' dir='ltr'>navigantibus</span> <span class='ocrx_word' id='word_1_130' title='bbox 1843 1948 1924 1995; x_wconf 81' lang='lat' dir='ltr'>si-</span> 
     </span>
     <span class='ocr_line' id='line_1_23' title="bbox 380 2037 1913 2103; baseline 0.001 -17"><span class='ocrx_word' id='word_1_131' title='bbox 380 2039 527 2087; x_wconf 89' lang='lat' dir='ltr'>miles</span> <span class='ocrx_word' id='word_1_132' title='bbox 578 2054 694 2087; x_wconf 89' lang='lat' dir='ltr'>cum</span> <span class='ocrx_word' id='word_1_133' title='bbox 750 2039 977 2101; x_wconf 77' lang='lat' dir='ltr'>integant</span> <span class='ocrx_word' id='word_1_134' title='bbox 1026 2054 1189 2101; x_wconf 87' lang='lat' dir='ltr'>aquae</span> <span class='ocrx_word' id='word_1_135' title='bbox 1252 2037 1587 2101; x_wconf 87' lang='lat' dir='ltr'>circumdata,</span> <span class='ocrx_word' id='word_1_136' title='bbox 1658 2038 1913 2103; x_wconf 85' lang='lat' dir='ltr'>naufragis</span> 
     </span>
     <span class='ocr_line' id='line_1_24' title="bbox 381 2130 1916 2195; baseline 0.003 -18"><span class='ocrx_word' id='word_1_137' title='bbox 381 2146 503 2179; x_wconf 70' lang='lat' dir='ltr'>vero</span> <span class='ocrx_word' id='word_1_138' title='bbox 543 2146 657 2179; x_wconf 89' lang='lat' dir='ltr'>cum</span> <span class='ocrx_word' id='word_1_139' title='bbox 697 2132 1016 2193; x_wconf 86' lang='lat' dir='ltr'>recesserint,</span> <span class='ocrx_word' id='word_1_140' title='bbox 1051 2130 1406 2194; x_wconf 74' lang='lat' dir='ltr'>fugientesque</span> <span class='ocrx_word' id='word_1_141' title='bbox 1434 2145 1548 2178; x_wconf 90' lang='lat' dir='ltr'>cum</span> <span class='ocrx_word' id='word_1_142' title='bbox 1586 2133 1711 2179; x_wconf 87' lang='lat' dir='ltr'>mari</span> <span class='ocrx_word' id='word_1_143' title='bbox 1750 2133 1916 2195; x_wconf 85' lang='lat' dir='ltr'>pisces</span> 
     </span>
     <span class='ocr_line' id='line_1_25' title="bbox 381 2222 1907 2289; baseline 0.001 -19"><span class='ocrx_word' id='word_1_144' title='bbox 381 2223 509 2271; x_wconf 88' lang='lat' dir='ltr'>circa</span> <span class='ocrx_word' id='word_1_145' title='bbox 550 2224 750 2287; x_wconf 88' lang='lat' dir='ltr'>tuguria</span> <span class='ocrx_word' id='word_1_146' title='bbox 792 2230 1061 2271; x_wconf 76' lang='lat' dir='ltr'>venantur.</span> <span class='ocrx_word' id='word_1_147' title='bbox 1142 2238 1243 2270; x_wconf 91' lang='lat' dir='ltr'>non</span> <span class='ocrx_word' id='word_1_148' title='bbox 1283 2222 1537 2286; x_wconf 88' lang='lat' dir='ltr'>pecudem</span> <span class='ocrx_word' id='word_1_149' title='bbox 1577 2223 1654 2270; x_wconf 89' lang='lat' dir='ltr'>his</span> <span class='ocrx_word' id='word_1_150' title='bbox 1698 2224 1907 2289; x_wconf 89' lang='lat' dir='ltr'>habere,</span> 
     </span>
     <span class='ocr_line' id='line_1_26' title="bbox 383 2314 1911 2380; baseline 0.001 -17"><span class='ocrx_word' id='word_1_151' title='bbox 383 2331 482 2363; x_wconf 86' lang='lat' dir='ltr'>non</span> <span class='ocrx_word' id='word_1_152' title='bbox 522 2315 649 2363; x_wconf 83' lang='lat' dir='ltr'>lacte</span> <span class='ocrx_word' id='word_1_153' title='bbox 690 2315 754 2364; x_wconf 90' lang='lat' dir='ltr'>ali</span> <span class='ocrx_word' id='word_1_154' title='bbox 823 2323 879 2364; x_wconf 90' lang='lat' dir='ltr'>ut</span> <span class='ocrx_word' id='word_1_155' title='bbox 930 2314 1185 2378; x_wconf 85' lang='lat' dir='ltr'>finitimis,</span> <span class='ocrx_word' id='word_1_156' title='bbox 1252 2330 1316 2362; x_wconf 89' lang='lat' dir='ltr'>ne</span> <span class='ocrx_word' id='word_1_157' title='bbox 1369 2331 1485 2363; x_wconf 88' lang='lat' dir='ltr'>cum</span> <span class='ocrx_word' id='word_1_158' title='bbox 1529 2315 1650 2363; x_wconf 86' lang='lat' dir='ltr'>seris</span> <span class='ocrx_word' id='word_1_159' title='bbox 1703 2317 1911 2380; x_wconf 89' lang='lat' dir='ltr'>quidem</span> 
     </span>
    </p>
   </div>
   <div class='ocr_carea' id='block_1_6' title="bbox 382 2535 1914 2941">
    <p class='ocr_par' dir='ltr' id='par_1_7' title="bbox 382 2535 1913 2797">
     <span class='ocr_line' id='line_1_27' title="bbox 497 2535 1852 2584; baseline 0.001 -11"><span class='ocrx_word' id='word_1_160' title='bbox 497 2539 536 2574; x_wconf 83' lang='lat'>5.</span> <span class='ocrx_word' id='word_1_161' title='bbox 573 2547 595 2573; x_wconf 87' lang='lat' dir='ltr'>a</span> <span class='ocrx_word' id='word_1_162' title='bbox 619 2536 727 2574; x_wconf 77' lang='lat' dir='ltr'>idem</span> <span class='ocrx_word' id='word_1_163' title='bbox 749 2537 920 2576; x_wconf 75' lang='lat' dir='ltr'>addidit.</span> <span class='ocrx_word' id='word_1_164' title='bbox 1088 2539 1125 2574; x_wconf 89' lang='grc'>6.</span> <span class='ocrx_word' id='word_1_165' title='bbox 1162 2536 1413 2575; x_wconf 85' lang='lat' dir='ltr'>dedicimus</span> <span class='ocrx_word' id='word_1_166' title='bbox 1434 2536 1515 2584; x_wconf 84' lang='lat' dir='ltr'>D1‚</span> <span class='ocrx_word' id='word_1_167' title='bbox 1552 2536 1759 2575; x_wconf 85' lang='lat' dir='ltr'>dedimus</span> <span class='ocrx_word' id='word_1_168' title='bbox 1783 2535 1852 2575; x_wconf 61' lang='grc' dir='ltr'>ΒΞ.</span> 
     </span>
     <span class='ocr_line' id='line_1_28' title="bbox 383 2606 1913 2657; baseline 0.003 -15"><span class='ocrx_word' id='word_1_169' title='bbox 383 2609 553 2644; x_wconf 72' lang='lat' dir='ltr'>constat</span> <span class='ocrx_word' id='word_1_170' title='bbox 574 2606 726 2645; x_wconf 89' lang='lat' dir='ltr'><em>DEFG</em></span> <span class='ocrx_word' id='word_1_171' title='bbox 754 2608 854 2656; x_wconf 83' lang='lat' dir='ltr'>(cod.</span> <span class='ocrx_word' id='word_1_172' title='bbox 881 2609 1018 2646; x_wconf 71' lang='lat' dir='ltr'>Poris.</span> <span class='ocrx_word' id='word_1_173' title='bbox 1048 2610 1155 2645; x_wconf 87' lang='grc'>6796</span> <span class='ocrx_word' id='word_1_174' title='bbox 1188 2618 1296 2646; x_wconf 83' lang='lat' dir='ltr'>saec.</span> <span class='ocrx_word' id='word_1_175' title='bbox 1322 2616 1398 2656; x_wconf 66' lang='lat' dir='ltr'>xi).</span> <span class='ocrx_word' id='word_1_176' title='bbox 1598 2611 1636 2646; x_wconf 89' lang='lat'>7.</span> <span class='ocrx_word' id='word_1_177' title='bbox 1674 2618 1785 2657; x_wconf 86' lang='lat' dir='ltr'>quae</span> <span class='ocrx_word' id='word_1_178' title='bbox 1810 2609 1913 2646; x_wconf 79' lang='lat' dir='ltr'>De!-</span> 
     </span>
     <span class='ocr_line' id='line_1_29' title="bbox 383 2675 1913 2729; baseline 0.001 -13"><span class='ocrx_word' id='word_1_179' title='bbox 383 2675 574 2725; x_wconf 62' lang='lat' dir='ltr'>leffsems,</span> <span class='ocrx_word' id='word_1_180' title='bbox 612 2688 697 2727; x_wconf 89' lang='lat' dir='ltr'>que</span> <span class='ocrx_word' id='word_1_181' title='bbox 720 2675 802 2726; x_wconf 76' lang='lat' dir='ltr'>D2‚</span> <span class='ocrx_word' id='word_1_182' title='bbox 839 2689 1017 2729; x_wconf 85' lang='lat' dir='ltr'>quoque</span> <span class='ocrx_word' id='word_1_183' title='bbox 1040 2690 1086 2716; x_wconf 59' lang='grc' dir='ltr'>ας.</span> <span class='ocrx_word' id='word_1_184' title='bbox 1294 2680 1332 2716; x_wconf 88' lang='grc'>9.</span> <span class='ocrx_word' id='word_1_185' title='bbox 1369 2677 1428 2728; x_wconf 83' lang='lat' dir='ltr'>ni]</span> <span class='ocrx_word' id='word_1_186' title='bbox 1463 2678 1507 2716; x_wconf 92' lang='lat' dir='ltr'>in</span> <span class='ocrx_word' id='word_1_187' title='bbox 1529 2677 1624 2717; x_wconf 80' lang='lat' dir='ltr'>DG,</span> <span class='ocrx_word' id='word_1_188' title='bbox 1717 2678 1913 2729; x_wconf 68' lang='lat' dir='ltr'>cogeret]</span> 
     </span>
     <span class='ocr_line' id='line_1_30' title="bbox 382 2748 1910 2797; baseline 0.001 -11"><span class='ocrx_word' id='word_1_189' title='bbox 382 2752 616 2797; x_wconf 83' lang='lat' dir='ltr'>congreget</span> <span class='ocrx_word' id='word_1_190' title='bbox 645 2748 735 2787; x_wconf 87' lang='lat' dir='ltr'>DG.</span> <span class='ocrx_word' id='word_1_191' title='bbox 830 2748 1026 2788; x_wconf 85' lang='lat' dir='ltr'>conferta</span> <span class='ocrx_word' id='word_1_192' title='bbox 1050 2748 1145 2788; x_wconf 88' lang='lat' dir='ltr'>DG.</span> <span class='ocrx_word' id='word_1_193' title='bbox 1355 2751 1391 2796; x_wconf 79' lang='lat'>2,</span> <span class='ocrx_word' id='word_1_194' title='bbox 1430 2752 1465 2787; x_wconf 32' lang='lat'>⁴¹.</span> <span class='ocrx_word' id='word_1_195' title='bbox 1504 2749 1695 2788; x_wconf 77' lang='lat' dir='ltr'>diximus</span> <span class='ocrx_word' id='word_1_196' title='bbox 1721 2752 1786 2796; x_wconf 69' lang='lat'>43,</span> <span class='ocrx_word' id='word_1_197' title='bbox 1817 2751 1910 2787; x_wconf 73' lang='grc'><strong>139.</strong></span> 
     </span>
    </p>

    <p class='ocr_par' dir='ltr' id='par_1_8' title="bbox 498 2817 1911 2868">
     <span class='ocr_line' id='line_1_31' title="bbox 498 2817 1911 2868; baseline 0.001 -12"><span class='ocrx_word' id='word_1_198' title='bbox 498 2822 536 2856; x_wconf 85' lang='grc'>3.</span> <span class='ocrx_word' id='word_1_199' title='bbox 573 2829 816 2858; x_wconf 81' lang='lat' dir='ltr'>caucorum</span> <span class='ocrx_word' id='word_1_200' title='bbox 839 2820 1003 2860; x_wconf 89' lang='lat' dir='ltr'><em>DEFG.</em></span> <span class='ocrx_word' id='word_1_201' title='bbox 1205 2823 1242 2858; x_wconf 90' lang='grc'>6.</span> <span class='ocrx_word' id='word_1_202' title='bbox 1278 2819 1493 2859; x_wconf 86' lang='lat' dir='ltr'>alternam</span> <span class='ocrx_word' id='word_1_203' title='bbox 1515 2817 1587 2868; x_wconf 68' lang='grc' dir='ltr'>ΠΖ,</span> <span class='ocrx_word' id='word_1_204' title='bbox 1622 2822 1846 2859; x_wconf 86' lang='lat' dir='ltr'>aeternam</span> <span class='ocrx_word' id='word_1_205' title='bbox 1863 2832 1911 2859; x_wconf 66' lang='grc' dir='ltr'>ω,</span> 
     </span>
    </p>

    <p class='ocr_par' dir='ltr' id='par_1_9' title="bbox 498 2888 1914 2941">
     <span class='ocr_line' id='line_1_32' title="bbox 498 2888 1914 2941; baseline 0.001 -14"><span class='ocrx_word' id='word_1_206' title='bbox 498 2892 536 2928; x_wconf 85' lang='lat'>7.</span> <span class='ocrx_word' id='word_1_207' title='bbox 574 2889 852 2940; x_wconf 83' lang='lat' dir='ltr'>dubiumque</span> <span class='ocrx_word' id='word_1_208' title='bbox 877 2890 925 2930; x_wconf 91' lang='lat' dir='ltr'>E.</span> <span class='ocrx_word' id='word_1_209' title='bbox 1136 2894 1174 2938; x_wconf 86' lang='lat'>3,</span> <span class='ocrx_word' id='word_1_210' title='bbox 1214 2894 1250 2929; x_wconf 72' lang='lat' dir='ltr'>t.</span> <span class='ocrx_word' id='word_1_211' title='bbox 1288 2891 1455 2941; x_wconf 85' lang='lat' dir='ltr'>optinet</span> <span class='ocrx_word' id='word_1_212' title='bbox 1478 2888 1548 2930; x_wconf 75' lang='lat' dir='ltr'>D2.</span> <span class='ocrx_word' id='word_1_213' title='bbox 1755 2895 1794 2929; x_wconf 75' lang='grc' dir='ltr'>Ξ.</span> <span class='ocrx_word' id='word_1_214' title='bbox 1831 2901 1914 2929; x_wconf 88' lang='lat' dir='ltr'>ceu</span> 
     </span>
    </p>
   </div>
   <div class='ocr_carea' id='block_1_7' title="bbox 381 2957 1045 3009">
    <p class='ocr_par' dir='ltr' id='par_1_10' title="bbox 381 2957 1045 3009">
     <span class='ocr_line' id='line_1_33' title="bbox 381 2957 1045 3009; baseline 0 -10"><span class='ocrx_word' id='word_1_215' title='bbox 381 2959 656 3009; x_wconf 77' lang='lat' dir='ltr'>Detlefsenus,</span> <span class='ocrx_word' id='word_1_216' title='bbox 693 2959 776 2999; x_wconf 83' lang='lat' dir='ltr'>sub</span> <span class='ocrx_word' id='word_1_217' title='bbox 800 2957 870 3007; x_wconf 57' lang='grc' dir='ltr'>ΒΞ,</span> <span class='ocrx_word' id='word_1_218' title='bbox 906 2964 979 2999; x_wconf 81' lang='lat' dir='ltr'>aut</span> <span class='ocrx_word' id='word_1_219' title='bbox 1002 2972 1045 2999; x_wconf 66' lang='grc' dir='ltr'>ω.</span> 
     </span>
    </p>
   </div>
  </div>
 </body>
</html>
