2048 3275
390 205 453 255 86
783 223 808 253 E
838 221 1072 254 POMPONII
1100 221 1253 254 MELAE
1283 221 1425 254 Lumo
1455 222 1526 254 111.

303 369 352 406 54
389 361 590 425 triginta
644 368 761 409 sunt
809 361 1068 410 Orchades
1121 362 1348 426 angustis
1400 363 1532 410 inter
1579 377 1633 410 se
1684 361 1920 411 diductae

389 453 580 517 spatiis,
628 460 823 516 septem
852 452 1139 502 Haemodae
1167 461 1339 502 contra
1375 453 1698 503 Germaniam
1724 462 1917 503 vectae.

390 545 441 592 in
481 544 563 592 illo
609 545 726 593 sinu
765 560 918 608 quem
970 544 1232 594 Codanum
1281 543 1506 595 diximus
1554 554 1630 594 est
1678 545 1923 595 Scadina-

391 637 487 699 via.
534 652 688 700 quam
727 635 894 685 adhuc
931 639 1141 686 Teutoni
1180 644 1381 700 tenent.
1438 644 1487 686 et
1523 645 1579 686 ut
1615 637 1922 688 fecunditate

307 737 355 773 55
390 729 513 777 alias
553 730 619 777 ita
658 728 1008 793 magnitudine
1049 736 1280 779 antestat.
1369 745 1499 793 quae
1541 730 1784 779 Sarmatis
1831 730 1924 779 ad-

390 836 537 869 versa
595 828 739 883 sunt7
796 820 859 870 ob
911 821 1130 870 alternos
1179 836 1411 871 accessus
1458 837 1791 886 recessusque
1830 839 1924 887 pe-

391 914 487 977 lagi
537 920 586 960 et
634 912 771 976 quod
809 914 971 977 spatia
1022 914 1136 976 quis
1188 912 1377 962 distant
1432 912 1579 962 modo
1628 915 1925 978 operiuntur

390 1004 544 1053 undis
584 1004 732 1053 modo
771 1004 910 1054 nuda
949 1013 1083 1068 sunt.
1119 1005 1242 1054 alias
1272 1006 1470 1055 insulae
1501 1004 1756 1069 videntur,
1803 1007 1925 1056 alias

309 1104 359 1142 56
392 1113 492 1145 una
533 1105 578 1144 et
619 1099 884 1146 continens
911 1105 1045 1146 terra
1075 1136 1418 1147 ........
1462 1099 1514 1146 in
1549 1098 1626 1146 his
1654 1114 1764 1147 esse
1792 1099 1925 1147 Oeo-

392 1205 499 1251 nas,
546 1189 633 1252 qui
682 1190 791 1238 ovis
839 1190 1012 1238 avium
1050 1190 1354 1254 palustrium
1404 1197 1450 1239 et
1501 1191 1679 1239 avenis
1727 1197 1923 1240 tantum

394 1282 609 1343 alantur⁷
646 1296 756 1330 esse
796 1283 997 1345 equinis
1035 1281 1258 1345 pedibus
1286 1282 1609 1347 Hippopodas
1649 1289 1697 1331 et
1724 1284 1923 1332 Panua-

391 1375 511 1437 tios.
578 1373 767 1437 quibus
807 1389 1017 1438 magnae
1055 1390 1205 1424 aures
1245 1382 1294 1423 et
1331 1374 1397 1424 ad
1435 1373 1765 1424 ambiendum
1815 1390 1926 1423 cor-

342 1483 363 1518 5
396 1482 493 1530 pus
544 1482 693 1514 omne
747 1466 949 1530 patulae
1002 1465 1154 1515 nudis
1193 1467 1417 1529 alioquin
1463 1482 1554 1531 pro
1611 1474 1753 1515 veste
1803 1468 1919 1516 sint.

390 1566 750 1622 praeterquam
793 1557 929 1622 quod
968 1558 1153 1607 sabulis
1205 1558 1447 1622 traditur7
1507 1566 1735 1608 auctores
1774 1560 1924 1608 etiam

392 1668 520 1715 quos
561 1652 709 1714 sequi
747 1667 850 1699 non
889 1652 1059 1714 pigeat
1096 1652 1319 1699 invenio.

310 1761 360 1796 57
499 1744 654 1808 Thyle
718 1744 981 1792 Belcarum
1039 1743 1169 1791 litori
1217 1742 1446 1808 adposita
1504 1751 1604 1805 est,
1677 1743 1820 1793 Grais
1877 1752 1923 1791 et

392 1837 575 1884 nostris
614 1835 865 1884 celebrata
906 1835 1236 1884 carminibus.
1316 1836 1368 1883 in
1409 1851 1492 1897 ea,
1557 1834 1696 1899 quod
1732 1835 1803 1884 ibi
1853 1837 1922 1884 sol

393 1930 538 1992 longe
579 1944 849 1977 occasurus
888 1929 1130 1992 exsurgit,
1166 1927 1351 1976 breves
1378 1928 1555 1991 utique
1582 1935 1753 1976 noctes
1781 1936 1915 1989 sunt,

393 2020 484 2069 sed
525 2037 618 2084 per
657 2022 875 2069 hiemem
917 2021 1046 2069 sicut
1084 2019 1241 2068 aliubi
1280 2019 1550 2081 obscurae,
1615 2027 1802 2068 aestate
1842 2020 1923 2069 lu-

334 2130 355 2164 5
390 2112 548 2161 cidae.
595 2112 734 2177 quod
771 2128 863 2176 per
902 2111 954 2161 id
992 2120 1194 2176 tempus
1233 2113 1333 2161 iam
1373 2127 1427 2160 se
1475 2112 1625 2160 altius
1674 2112 1912 2168 evehens.

507 2313 573 2353 54,
613 2314 649 2349 4.
686 2311 903 2350 deductae
937 2314 966 2350 A
1009 2321 1103 2350 cum
1141 2312 1236 2349 aliis
1275 2321 1356 2349 non
1397 2311 1546 2357 nullis,
1582 2310 1737 2349 ductae
1760 2321 1803 2348 m.

393 2386 431 2420 3.
467 2382 658 2421 diximus
712 2386 749 2429 3,
778 2385 815 2428 3,
844 2385 887 2420 34
929 2382 1097 2432 magnis
1126 2382 1363 2432 parvisque
1397 2381 1553 2420 insulis
1595 2379 1834 2429 refertum)
1873 2392 1924 2419 ex

393 2454 443 2492 iis
467 2453 708 2492 Codanovia
733 2454 763 2492 A
786 2464 881 2492 cum
899 2454 993 2493 aliis
1014 2464 1095 2491 non
1118 2453 1256 2499 millis7
1304 2463 1357 2491 ex
1379 2452 1462 2499 his,
1500 2454 1542 2490 et
1566 2451 1683 2499 hinc,
1720 2454 1763 2489 et
1787 2451 1853 2498 iis,
1881 2455 1921 2490 et

392 2524 460 2562 'nis
483 2525 648 2573 reliqui.
716 2525 764 2562 de
787 2524 948 2568 existit,
976 2523 1148 2562 exc-ellit
1173 2524 1462 2573 cogitavimus.
1644 2524 1682 2561 4.
1708 2525 1751 2560 et
1782 2522 1919 2560 utAx.

509 2598 573 2641 55,
603 2599 641 2633 3.
677 2598 781 2645 quot
802 2594 883 2634 Ax.
1067 2597 1105 2633 5.
1142 2597 1274 2641 terra,
1311 2598 1348 2633 et
1369 2596 1551 2643 spatium
1573 2597 1660 2632 octo
1684 2594 1924 2632 litterarum

392 2666 439 2704 A.
573 2669 639 2711 56,
679 2670 715 2704 4.
753 2676 916 2705 oeneas
938 2666 1018 2712 Ax,
1055 2668 1159 2717 conf.
1188 2665 1240 2703 ad
1263 2666 1442 2704 Plinium
1465 2675 1506 2701 iv
1528 2667 1595 2701 95.
1747 2667 1784 2702 3.
1821 2673 1923 2702 san-

395 2736 520 2775 nalos
542 2737 632 2775 Ax.
675 2739 780 2788 conf.
809 2738 861 2776 ad
884 2737 1067 2775 Plinium
1090 2747 1130 2774 1v
1164 2739 1213 2775 95
1236 2740 1273 2775 et
1299 2736 1427 2775 Taciti
1453 2734 1595 2774 Germ.
1623 2737 1690 2781 37,
1720 2737 1756 2773 8.

396 2807 566 2846 sannali
603 2808 732 2847 auriti
772 2807 882 2846 adeo
919 2809 963 2845 ut
1003 2817 1133 2845 omne
1167 2817 1328 2858 corpus
1359 2805 1541 2845 auribus
1573 2807 1721 2855 tegere
1752 2805 1920 2856 possint

395 2888 547 2928 maryo
569 2879 615 2917 A.
765 2881 802 2917 5.
839 2878 1039 2929 prouecti
1062 2878 1143 2924 Am,
1179 2888 1256 2928 pro
1289 2880 1411 2916 veste
1443 2877 1665 2916 Vadianus.
1789 2878 1826 2914 6.
1854 2876 1923 2913 in-

395 2951 528 2988 uento
551 2948 630 2987 Ax.
794 2951 859 2987 57.
900 2951 935 2985 -1,
969 2947 1197 2997 belgarum
1223 2948 1300 2993 Aac,
1329 2949 1436 2998 conf.
1465 2950 1502 2995 3,
1529 2949 1568 2993 5,
1599 2948 1662 2985 36.

2030 2978 2048 3275 -sssszffla—...--.
2037 2871 2048 2964 ...ι’ω..-
2036 2847 2038 2850 ’
