2048 3275
244 755 291 790 Υ15

236 1119 289 1161 ll

331 226 428 275 152
671 242 731 274 DE
772 240 928 274 BELLO
970 223 1202 273 serrnlco
1243 239 1508 272 EXCERPTA.

329 380 664 430 Celticaruml
711 379 805 428 hoc
832 388 992 428 totum
1031 378 1097 428 ad
1136 378 1335 428 Claudii
1374 370 1584 444 gloriam
1623 379 1867 443 pertinet,

329 472 575 522 Claudius
615 480 664 520 et
703 473 972 521 securitate
1013 486 1121 520 rem
1171 471 1431 536 publicam
1482 478 1531 519 et
1577 471 1873 535 opulentiae

327 566 590 614 nimietate
640 563 868 613 donavit.
947 571 1233 628 pugnatum
1285 570 1549 628 praeterea
1598 572 1675 612 est-
1731 562 1869 626 apud

326 657 615 722 ByzantiOS,
679 657 804 720 ipsis
843 656 931 719 qui
971 656 1333 720 superfuerant
1369 656 1620 721 Byzantiis
1679 655 1874 704 fortiter

326 748 657 809 facientibus3
704 756 990 813 pugnatum
1030 746 1169 812 apud
1210 747 1713 811 Thessalonicenses,
1743 763 1872 812 quos

328 840 539 890 Claudio
580 839 792 889 absente
843 839 1152 888 obsederant
1189 839 1421 900 barbari3
1491 847 1775 904 pugnatum
1816 840 1868 888 in

328 932 548 982 diversis
599 931 898 997 regionibus
948 940 995 980 et
1045 931 1241 996 ubique
1294 932 1535 995 auspiciis
1574 931 1875 981 Claudianis

329 1026 448 1074 victi
488 1032 609 1074 sunt
647 1025 810 1074 Gothi.

433 1117 766 1166 Antiochiano
805 1124 855 1165 et
892 1115 1049 1164 Orfito
1088 1115 1385 1165 consulibus
1435 1116 1659 1179 auspicia
1709 1116 1869 1166 Clau-

255 1204 259 1209 ’
329 1209 481 1259 diana
521 1209 662 1258 favor
698 1207 908 1257 divinus
948 1207 1163 1257 adiuvit.
1244 1223 1362 1256 nam
1405 1222 1521 1256 cum
1561 1223 1613 1257 se
1655 1210 1868 1257 Haemi-

272 1502 293 1537 5

245 1962 293 1996 40

249 2337 296 2372 45

331 1310 564 1351 montum
605 1299 878 1350 multitudo
928 1300 1270 1350 barbararum
1321 1300 1550 1364 gentium
1609 1316 1739 1364 quae
1780 1317 1873 1351 su-

326 1394 627 1459 perfuerant
666 1393 989 1455 contulisset,
1053 1392 1154 1440 illic
1192 1393 1260 1441 ita
1310 1391 1442 1441 fame
1482 1408 1540 1441 ac
1576 1393 1868 1457 pestilentia

325 1486 573 1535 laboravit
609 1493 666 1534 ut
704 1486 803 1534 iam
844 1483 1089 1534 Claudius
1129 1483 1497 1549 dedignaretur
1552 1492 1601 1533 et
1638 1486 1867 1534 vincere.

328 1578 551 1642 denique
593 1577 792 1627 finitum
833 1585 909 1625 est
936 1578 1278 1641 asperrimum
1318 1576 1512 1626 bellurn
1545 1585 1868 1641 terroresque

329 1671 542 1720 Romani
581 1670 804 1719 nominis
844 1679 963 1718 sunt
1004 1667 1225 1733 depulsi.

438 1778 558 1811 vera
623 1761 724 1811 dici
774 1760 901 1810 fides
951 1762 1105 1825 cogit,
1163 1761 1316 1810 simul
1367 1768 1423 1809 ut
1468 1761 1628 1809 sciant
1678 1762 1728 1810 hi
1781 1763 1871 1826 qui

330 1854 619 1903 adulatores
658 1870 751 1903 nos
790 1854 1047 1903 aestimari
1098 1853 1336 1917 eupiunt,
1383 1852 1435 1901 id
1475 1851 1612 1916 quod
1662 1853 1873 1903 historia

330 1946 429 1995 dici
488 1947 711 2011 postulat
760 1961 864 1994 non
921 1954 1111 1994 tacere.
1192 1960 1250 1993 eo
1308 1955 1536 2008 tempore
1588 1959 1687 2008 quo
1726 1954 1870 2010 parta

330 2048 405 2087 est
446 2039 596 2103 plena
637 2039 845 2087 victoria
884 2038 1117 2102 plerique
1160 2037 1345 2087 milites
1387 2036 1584 2085 Claudii
1627 2037 1873 2086 secundis

331 2131 485 2180 rebus
527 2131 673 2192 elati,
718 2145 849 2194 quae
900 2129 1209 2193 sapientium
1250 2143 1453 2192 quoque
1505 2129 1701 2178 animos
1753 2129 1874 2178 sati-

331 2230 464 2288 gant,
513 2224 579 2271 ita
619 2223 671 2270 in
711 2220 957 2286 praedam
997 2221 1134 2269 versi
1174 2228 1293 2269 sunt
1347 2228 1403 2269 ut
1453 2237 1554 2268 non
1594 2222 1871 2285 cogitarent

333 2332 359 2364 a
386 2315 712 2380 paucissimis
751 2329 805 2362 se
845 2329 993 2378 posse
1034 2311 1234 2377 fatigari
1273 2311 1396 2361 dum
1431 2313 1661 2377 occupati
1701 2315 1869 2362 animo

332 2416 482 2472 atque
523 2405 822 2470 corporibus
858 2403 1151 2454 avertendis
1179 2403 1384 2468 praedis
1406 2405 1712 2453 inserviunt.
1777 2405 1875 2454 de-

333 2501 489 2564 nique
538 2501 591 2547 in
644 2500 754 2563 ipsa
804 2498 1014 2546 victoria
1070 2512 1229 2561 prope
1270 2495 1371 2546 duo
1411 2496 1549 2545 milia
1587 2497 1803 2546 militum
1842 2513 1869 2545 a

453 2679 516 2715 14.
553 2676 761 2727 superius
795 2673 969 2713 fuerant
1060 2672 1307 2723 byzantinis
1331 2673 1377 2712 B.
1546 2675 1611 2712 45.
1649 2673 1872 2713 thessolo-

335 2748 536 2786 nicenses

455 2822 516 2864 11¹,
546 2820 583 2857 21.
619 2817 843 2863 atticianO,
881 2826 980 2855 corr
1001 2815 1369 2864 Eyssenhardtius.
1550 2817 1588 2853 9.
1626 2825 1713 2852 non
1737 2815 1875 2853 aesti-

336 2890 444 2927 mari
467 2888 514 2934 B,
551 2888 773 2926 aestimari
807 2897 887 2925 nos
909 2884 975 2926 ΒΞ.
1196 2888 1257 2923 10.
1295 2884 1484 2936 postolat
1692 2887 1754 2922 ⁴2.
1794 2895 1875 2923 an-

335 2970 414 3000 nos
439 2959 485 3005 B,
521 2958 694 2998 animos
718 2955 783 2996 ΒΞ.
971 2958 1030 2994 16.
1067 2955 1303 3006 praesidiis
