2048 3275
796 227 1059 260 unanimum
1113 202 1116 203 ⁷
1673 217 1703 263 9

153 374 386 418 sanctum
427 366 622 432 aliquid
661 376 711 416 et
750 367 1023 433 providum
1065 377 1259 433 putant,
1319 386 1412 418 nec
1452 376 1540 419 aut
1577 386 1702 420 con-

153 460 266 510 silia
323 476 499 510 earum
559 468 904 525 aspernantur
960 469 1046 512 aut
1104 476 1346 526 responsa
1401 463 1694 528 neglegunt.

154 552 379 603 vidimus
429 552 527 603 sub
577 551 696 602 divo
737 554 1049 618 Vespasiano
1090 553 1360 618 Veledam,
1419 554 1506 604 diu
1558 555 1697 621 apud
1733 569 1781 603 40

152 646 424 711 plerosque
454 647 682 696 numinis
722 646 828 695 loco
856 646 1108 696 habitam:
1155 646 1247 696 sed
1282 656 1329 697 et
1359 647 1479 697 olim
1508 647 1699 699 Albru-

152 754 268 787 nam
310 746 358 787 et
396 738 674 804 compluris
725 739 850 789 alias
892 741 1121 789 venerati
1161 749 1308 804 sunt,
1374 757 1475 790 non
1516 740 1699 791 adula-

149 832 284 880 tione
325 847 419 881 nec
459 840 719 896 tamquam
761 831 988 881 facerent
1027 831 1165 882 deas.

257 924 471 975 deorum
523 926 744 975 maxime
784 926 1091 976 Mercurium
1143 927 1345 989 colunt,
1409 929 1491 977 cui
1545 929 1695 978 certis
1733 933 1765 976 9

148 1015 334 1067 diebus
372 1017 611 1067 humanis
649 1034 855 1083 quoque
920 1018 1096 1069 hostiis
1138 1019 1281 1068 litare
1347 1019 1422 1070 sas
1486 1020 1690 1070 habent.

147 1110 355 1159 Martem
396 1118 446 1159 et
486 1111 754 1161 Herculem
809 1113 1065 1161 concessis
1114 1112 1424 1163 animalibus
1470 1112 1692 1178 placant.

149 1218 267 1267 pars
306 1202 594 1253 Sueborum
647 1213 698 1253 et
736 1203 856 1253 Isidi
905 1204 1169 1253 sacrificat.
1252 1205 1391 1255 unde
1443 1222 1597 1256 causa
1649 1215 1695 1256 et

147 1296 284 1360 origo
337 1297 607 1361 peregrino
653 1313 796 1347 sacro
845 1313 1026 1361 parum
1090 1300 1343 1363 comperi,
1410 1300 1505 1348 nisi
1558 1298 1696 1363 quod
1730 1308 1751 1343 5

146 1389 350 1454 signum
393 1391 561 1454 ipsum
603 1391 653 1439 in
694 1389 904 1440 modum
956 1390 1192 1441 liburnae
1233 1391 1506 1457 figuratum
1548 1391 1693 1442 docet

145 1480 412 1531 advectam
455 1482 770 1548 religionem.
841 1490 1068 1534 ceterum
1110 1500 1204 1534 nec
1244 1484 1484 1535 cohibere
1524 1487 1695 1550 parie-

146 1573 282 1624 tibus
310 1573 434 1625 deos
474 1592 642 1640 neque
683 1577 734 1626 in
768 1576 922 1627 ullam
963 1577 1173 1627 humani
1215 1580 1316 1628 oris
1355 1579 1581 1643 speciem
1610 1596 1695 1629 as-

143 1668 385 1717 simulare
444 1685 508 1718 ex
566 1669 918 1734 magnitudine
983 1671 1280 1721 caelestium
1346 1671 1686 1722 arbitrantur:

144 1759 283 1809 lucos
331 1777 388 1810 ac
428 1777 637 1811 nemora
677 1770 978 1812 consecrant
1025 1762 1344 1829 deorumque
1395 1765 1693 1815 nominibus
1729 1774 1776 1809 ⁴0

144 1854 405 1917 appellant
432 1862 684 1904 secretum
715 1855 840 1906 illud
873 1855 1012 1920 quod
1040 1857 1143 1906 sola
1173 1859 1462 1908 reverentia
1493 1857 1686 1908 vident.

250 1948 478 2012 auspicia
526 1955 791 2013 sortesque
854 1957 909 1998 ut
965 1951 1051 2014 qui
1112 1951 1333 2000 maxime
1391 1950 1681 2001 observant.
1716 1962 1776 2004 10

255 2193 294 2229 9.
333 2190 571 2238 neglegunt
600 2191 645 2238 Β,
683 2191 909 2240 ηῦςιΙίς-ἰιηῐ
936 2192 1029 2233 ch.
1158 2197 1220 2232 ⁴0.
1262 2194 1472 2234 Veledam
1496 2195 1564 2236 Bc.
1603 2195 1690 2233 Ya-

142 2261 241 2300 leda
272 2262 316 2307 C,
353 2262 561 2302 uoledam
585 2264 620 2302 b.
771 2268 836 2303 4⁴.
874 2263 1119 2304 Albrunam
1151 2265 1400 2306 Willielmus
1425 2267 1686 2307 Wackerna-

137 2334 288 2384 yelius,
324 2335 545 2373 auriniam
565 2335 670 2383 BbC,
700 2336 924 2376 flur-iniam
944 2348 979 2383 cy
1005 2338 1076 2377 scd
1099 2337 1128 2376 Β
1151 2341 1190 2377 in
1214 2341 1407 2390 maryine
1423 2338 1684 2379 Albriniam.

140 2404 162 2443 b
194 2403 482 2452 l'Albriniam,
520 2418 542 2445 c
572 2407 623 2446 ab
645 2408 780 2447 altera
804 2419 936 2448 manu
990 2408 1225 2449 albriniam
1257 2420 1394 2460 supra
1425 2410 1686 2460 adscriptum

139 2475 303 2515 habent.
458 2481 520 2516 12.
558 2476 769 2530 cfiplures
796 2478 837 2527 C,
892 2480 1149 2532 complures
1183 2492 1218 2520 c.
1373 2485 1437 2520 ⁴3.
1477 2493 1621 2532 neque
1647 2482 1682 2521 b.

206 2551 416 2599 tanquam
445 2547 514 2588 Bc.

253 2623 292 2664 9,
331 2623 369 2659 3.
407 2620 637 2660 herculem
677 2632 727 2660 ac
771 2625 960 2661 martem
989 2621 1056 2670 Cc,
1103 2627 1145 2662 et
1189 2622 1419 2663 herculem
1461 2629 1552 2674 post
1590 2624 1686 2676 pla-

137 2694 238 2730 cant
258 2691 331 2731 Bb.
475 2694 512 2731 4.
548 2704 794 2733 suenorum
822 2692 912 2742 ch,
949 2695 1199 2736 Suenorum
1224 2695 1271 2735 B.
1410 2699 1447 2734 5.
1486 2698 1686 2747 peregri-

136 2772 297 2801 norum
326 2762 368 2803 C.
550 2766 588 2803 6.
627 2763 864 2814 figuratum
890 2787 939 2794 —
964 2765 1211 2817 parietibus
1245 2767 1302 2807 bis
1333 2770 1493 2818 scripta
1518 2770 1557 2806 in
1582 2768 1623 2810 C.

252 2837 289 2873 7.
325 2834 500 2874 adiecta
535 2839 573 2875 et
614 2846 718 2875 mox
747 2835 967 2876 adiectam
1007 2836 1049 2878 C.
1261 2842 1299 2879 8.
1337 2839 1525 2891 spetiem
1558 2851 1593 2878 c.

222 2908 288 2944 40.
325 2910 589 2946 consaerant
615 2906 681 2948 Cc.
747 2907 1008 2947 numinibus
1030 2913 1388 2960 suprascriptum
1423 2908 1479 2951 οἳ.

251 2979 316 3024 to,
357 2980 394 3016 4.
430 2978 618 3030 auspitia
648 2977 691 3020 C.
764 2975 904 3028 9s'uat
929 2979 970 3020 C.
