2048 3275
620 255 737 290 inu
778 254 983 289 nononn
1026 254 1290 288 exornem.
1644 240 1737 289 161

296 398 505 447 Fluvius
556 398 823 447 Danuvius
874 398 1102 446 nascitur
1139 412 1203 444 ex
1244 393 1491 459 Alpibus,
1556 411 1737 461 proce-

185 490 318 540 dens
381 492 696 556 geminatur,
767 490 861 538 boc
924 496 1026 551 est,
1099 487 1394 537 efficiuntur
1450 486 1579 550 duo,
1649 490 1737 552 qui

188 584 318 633 iutra
358 599 413 632 se
454 581 722 632 includcnt
761 582 1139 631 Pannoniarum
1184 581 1435 630 civitates.
1518 579 1740 629 redeunt

186 674 251 725 ad
293 691 454 725 unum
495 676 583 740 qui
626 674 826 724 fuerant
865 673 979 723 sacti
1008 672 1139 735 due,
1197 680 1247 722 et
1284 688 1376 738 per
1424 688 1527 722 non
1580 673 1738 738 parba

185 769 326 817 solus
380 783 692 833 procurrens
751 766 971 816 efficitur
1022 768 1072 815 in
1114 765 1382 829 oblongam
1442 765 1738 815 mtundita-

189 869 306 921 tem,
353 876 487 925 quae
530 858 822 909 rutunditas
862 857 1111 924 oppidum
1153 859 1315 907 Peuce
1358 857 1599 908 includat.
1671 874 1737 907 ex

187 954 295 1017 ipso
336 951 588 1002 ssuminali
628 951 817 1002 circulo
858 960 1054 1016 septem
1096 953 1265 1001 crines
1305 950 1579 1001 fluminum
1617 966 1738 1016 pro-

186 1045 379 1095 cedunt
422 1043 757 1094 infundentes
798 1045 849 1093 in
890 1045 1122 1094 Pontum.

294 1137 505 1187 Fluvius
566 1138 767 1202 Margus
825 1137 1053 1186 nascitur
1092 1137 1143 1185 in
1201 1151 1398 1201 campo.
1458 1137 1735 1186 Biminacio

186 1232 370 1280 Moesie
411 1230 613 1279 alluens
652 1244 1041 1294 excurrensque
1079 1228 1306 1279 infundit
1343 1245 1397 1278 se
1451 1230 1503 1279 in
1556 1231 1734 1280 Danu-

186 1325 327 1373 vium
368 1339 523 1387 supra
564 1321 776 1371 dic-tum.

269 1416 504 1477 *Fluvius
531 1416 701 1465 Savus
740 1416 969 1464 nascitur
1007 1413 1147 1480 apud
1187 1415 1427 1465 Noricum
1455 1413 1520 1464 de
1565 1424 1735 1465 monte

184 1506 414 1573 Alpium.
497 1522 713 1556 currens
752 1522 845 1572 per
893 1522 1099 1572 campos
1138 1523 1194 1556 se
1236 1509 1287 1557 in
1337 1506 1589 1557 modicam
1647 1524 1737 1558 ru-

185 1598 492 1650 tunditatem
535 1598 812 1662 concludit,
860 1600 911 1648 in
953 1598 1163 1649 modum
1203 1600 1417 1649 visionis
1457 1599 1728 1666 amigdale.

183 1694 321 1742 intus
362 1692 568 1742 inclusit
594 1693 828 1742 Sisciam.
874 1695 1060 1742 iterum
1099 1708 1154 1742 se
1194 1691 1260 1742 ad
1288 1708 1453 1742 unum
1495 1692 1735 1759 redigens

181 1786 364 1834 transit
402 1800 495 1849 per
521 1786 767 1835 Sirmium
795 1793 844 1834 et
871 1783 1218 1851 Singidunum
1247 1786 1499 1835 coloniam
1539 1794 1589 1835 et
1616 1788 1736 1837 iun-

182 1879 253 1943 git
289 1893 344 1928 se
385 1878 620 1927 Danuvio
660 1876 861 1926 flumini
914 1885 963 1926 et
1001 1894 1180 1929 omnes
1221 1877 1374 1928 simul
1426 1894 1519 1944 per
1567 1880 1736 1930 crines

183 1968 506 2036 supradictos
549 1971 741 2019 intrant
779 1970 996 2020 Pontum
1036 1980 1087 2020 et
1128 1978 1336 2021 vocatur
1376 1971 1560 2022 Hister.

300 2143 365 2180 46.
405 2140 639 2181 Danubius
688 2144 754 2181 47.
791 2151 843 2181 oc
877 2145 945 2182 est
975 2143 1022 2183 A.
1078 2142 1196 2190 duc,
1231 2142 1318 2183 hoo
1339 2146 1406 2183 est
1429 2143 1661 2185 Danubius
1693 2147 1736 2185 et

183 2212 325 2252 Draus
475 2214 542 2251 48.
567 2213 771 2253 civitates
791 2215 1019 2265 quattuor,
1047 2213 1091 2254 id
1114 2216 1182 2253 est
1202 2214 1453 2265 Aquincum
1478 2215 1736 2257 Precatione

180 2283 407 2324 Carnunto
431 2285 476 2322 et
494 2283 721 2323 Severiam
744 2287 789 2324 et
951 2287 1020 2324 49.
1057 2283 1233 2324 fuerant
1259 2285 1348 2325 duo
1523 2289 1593 2327 23.
1630 2299 1735 2338 crgo

182 2353 413 2395 Danubius
436 2355 590 2394 exiens
612 2355 667 2395 de
698 2354 898 2407 Alpibus,
936 2357 978 2395 in
1003 2357 1204 2407 proximo
1235 2356 1292 2396 de
1315 2367 1369 2396 eo
1402 2357 1545 2398 Draus
1568 2358 1735 2399 fluvius

179 2427 283 2472 exit,
318 2425 398 2466 sed
431 2436 549 2465 unus
579 2425 834 2466 infunditur
855 2438 935 2479 per
964 2425 1137 2475 cn’nes,
1183 2427 1314 2467 cuius
1343 2439 1505 2480 supra,
1544 2430 1588 2469 in
1622 2430 1736 2470 Pon-

180 2500 290 2536 tum.
343 2497 484 2536 currit
517 2497 637 2537 milia
663 2508 885 2538 ncccxxin.
1028 2500 1097 2537 2⁴.
1135 2498 1375 2538 viminatio
1552 2503 1620 2540 25.
1657 2513 1735 2541 ex-

179 2577 370 2608 currens
390 2568 623 2620 oppidum.
657 2570 735 2620 qui
861 2567 1114 2609 Danubium
1137 2570 1267 2609 cuius
1288 2581 1438 2622 supra.
1486 2573 1626 2612 currit
1649 2574 1735 2613 mi·-

179 2638 235 2679 lia
258 2649 369 2679 nevi.
511 2643 583 2679 27.
617 2650 756 2679 suaus
778 2651 819 2687 a,
863 2650 1033 2680 suanus
1055 2637 1093 2694 β.
1243 2644 1315 2681 28.
1351 2641 1526 2682 modica
1554 2644 1600 2684 A.

181 2713 250 2750 30.
287 2710 477 2750 inclusie
500 2712 548 2752 A.
614 2711 822 2751 redicens
845 2712 892 2752 A.
1005 2714 1074 2750 34.
1110 2712 1323 2751 Sirmium
1347 2713 1565 2765 oppidum
1640 2717 1735 2755 sin-

176 2781 395 2821 cidunum
417 2782 467 2822 A.
610 2785 680 2822 32.
716 2781 919 2822 Danubio
941 2781 997 2822 ad
1022 2782 1171 2822 locum
1193 2782 1338 2833 Myrse
1418 2795 1497 2836 per
1517 2787 1666 2826 crines
1689 2787 1733 2826 in

176 2851 366 2892 Pontum
402 2851 719 2904 ingrediuntur
924 2856 992 2893 83.
1032 2864 1167 2904 supra
1199 2853 1368 2895 dictum
1397 2855 1447 2897 A.
1548 2860 1734 2910 apparet

176 2925 344 2970 autem,
380 2922 610 2963 Danubius
634 2925 677 2962 et
700 2923 843 2964 Draus
877 2927 921 2964 et
943 2924 1120 2975 Margus
1149 2925 1284 2965 simul
1317 2927 1360 2966 in
1393 2926 1584 2968 Pontum
1618 2939 1733 2968 eun·

176 2993 299 3033 dant.
338 2994 482 3034 currit
517 2993 636 3034 milia
673 2994 903 3044 (undecies
927 2993 967 3050 β)
994 3006 1306 3037 nccccuxxvn.

1769 779 1820 816 20

1765 1238 1819 1274 25

1769 1676 1908 1737 30⁸
