2048 3275
501 262 525 293 ιι
557 260 786 294 ronroxn
817 260 972 293 ιιεωιι
1003 260 1141 293 tiano
1173 258 1242 292 ιιι.
1578 243 1645 293 85

319 441 328 451 .
375 403 625 450 Britannia
668 401 832 465 qualis
871 402 934 449 sit
990 402 1270 464 qualesque
1320 410 1638 465 progeneret,

112 512 227 545 mox
265 496 475 544 certiora
517 502 567 543 et
605 511 764 558 magis
814 494 1070 559 explorata
1112 492 1365 542 dicentur.
1455 496 1647 559 quippe

113 587 306 638 tamdiu
357 588 581 636 clausam
639 589 803 652 aperit
848 603 966 636 ecce
1027 587 1317 651 principum
1372 589 1641 648 maximus,

112 697 205 730 nec
247 680 605 730 indomitarum
647 679 795 728 modo
834 687 950 728 ante
990 696 1074 740 se,
1133 695 1308 728 verum
1365 681 1645 740 ignotarum

111 789 316 838 quoque
353 774 580 835 gentium
620 773 778 820 victor
814 773 1137 837 propriarum
1188 788 1357 821 rerum
1401 772 1552 821 tidem
1597 783 1645 821 ut

113 866 244 915 bello
282 866 537 920 affectavit
576 866 640 913 ita
669 866 926 930 triumpho
953 864 1306 914 declaraturus
1334 874 1514 930 portat.
1560 882 1646 914 ee·
1683 877 1702 909 ·“›

112 968 292 1022 terum,
339 966 394 1008 ut
431 956 597 1007 adhuc
627 957 916 1019 habuimus,
965 959 1097 1006 inter
1123 959 1523 1022 septentrionem
1563 975 1646 1007 oc-

112 1050 474 1114 cidentemque
506 1051 726 1115 proiecta
749 1050 927 1115 grandi
963 1052 1147 1116 angulo
1178 1052 1338 1100 Rheni
1363 1052 1486 1099 ostia
1528 1067 1648 1115 pro-

111 1145 285 1209 spicit,
345 1143 464 1192 dein
515 1143 723 1206 obliqua
775 1152 906 1192 retro
958 1145 1111 1192 latera
1151 1143 1426 1204 abstrahit,
1491 1144 1647 1192 altero

112 1237 352 1299 Galliam,
407 1237 563 1284 altero
612 1236 938 1284 Germaniam
989 1244 1248 1301 spectans,
1306 1245 1412 1285 tum
1471 1253 1649 1285 rursus

112 1337 357 1394 perpetuo
408 1329 635 1393 margine
675 1328 854 1378 directi
894 1329 1051 1377 litoris
1090 1328 1156 1378 ab
1195 1338 1390 1393 tergore
1429 1328 1648 1377 abducta

111 1424 291 1471 iterum
343 1438 397 1470 se
452 1422 501 1469 in
542 1421 773 1471 diversos
811 1421 1023 1486 angulos
1073 1430 1258 1471 euneat
1306 1423 1552 1485 triquetra
1604 1431 1648 1470 et

111 1515 311 1564 Siciliae
342 1514 564 1563 maxime
588 1514 783 1576 similis,
829 1514 997 1577 plana,
1046 1516 1239 1579 ingens,
1286 1514 1520 1577 sec-unda,
1561 1532 1651 1563 ve-

111 1623 222 1657 rum
252 1608 312 1656 iis
336 1623 468 1672 quae
495 1623 677 1672 pecora
694 1623 847 1671 quam
864 1608 1095 1657 homines
1111 1607 1384 1672 benignius
1411 1608 1579 1656 alant.
1602 1646 1612 1655 .
1636 1648 1645 1657 .

216 1716 373 1765 super
412 1696 722 1749 Britanniam
775 1701 992 1749 luverna
1040 1710 1140 1763 est,
1198 1717 1362 1765 paene
1401 1717 1493 1766 par
1531 1717 1650 1765 spa-

108 1794 202 1855 tio,
260 1792 350 1842 sed
391 1794 646 1856 utrimque
684 1794 885 1857 aequali
939 1802 1098 1842 tractu
1150 1794 1352 1843 litorum
1410 1793 1642 1857 oblonga,

107 1886 233 1934 caeli
283 1884 348 1934 ad
399 1885 699 1934 maturanda
750 1887 946 1935 semina
1005 1887 1195 1951 iniqui,
1277 1904 1457 1937 verum
1523 1887 1650 1936 adeo

108 1979 367 2028 luxuriosa
408 1978 599 2040 herbiS,
647 1995 746 2028 non
789 1980 931 2029 laetis
971 1978 1120 2028 modo
1160 1979 1250 2028 sed
1291 1981 1443 2028 etiam
1483 1979 1650 2030 dulci—

109 2071 230 2134 bus,
278 2079 334 2120 ut
387 2087 443 2120 se
492 2072 673 2135 exigua
723 2080 865 2136 parte
917 2071 1015 2121 diei
1045 2088 1248 2136 -pecora
1307 2074 1536 2138 inpleant
1575 2083 1639 2133 et,

108 2164 203 2214 nisi
255 2163 444 2229 pabulo
494 2164 889 2230 prohibeantur,
949 2164 1142 2215 diutius
1191 2174 1332 2230 pasta
1372 2165 1642 2216 dissiliant.

110 2295 634 2306 ............
698 2259 915 2308 cultores
968 2259 1078 2308 eius
1140 2258 1380 2308 inconditi
1433 2268 1551 2308 sunt
1600 2269 1644 2308 et

106 2350 333 2399 omnium
388 2350 630 2399 virtutum
681 2351 840 2415 ignari
894 2354 1092 2415 *quam
1146 2352 1273 2401 aliae
1321 2361 1498 2417 gentes
1555 2353 1649 2400 ali-

105 2450 359 2506 quatenus
395 2450 564 2491 tamen
593 2444 793 2507 gnari*,
840 2445 1041 2508 pietatis
1068 2443 1344 2494 admodum
1386 2453 1640 2509 expertes

222 2651 289 2688 ⁴9.
326 2647 575 2689 britanniae
599 2650 838 2701 descriptio
862 2662 1013 2703 maryo
1034 2653 1081 2691 Α.
1248 2657 1315 2694 5⁰.
1355 2654 1448 2692 laus
1473 2652 1644 2691 britan-

106 2719 201 2758 niae
227 2730 375 2770 memo
397 2722 441 2762 A.
614 2725 682 2768 53,
723 2726 759 2761 t.
796 2722 1053 2762 brittaniam
1076 2735 1131 2774 pr
1152 2727 1199 2764 Α.
1379 2729 1419 2764 2.
1447 2725 1645 2775 aequalis

102 2793 182 2831 Ax.
303 2794 342 2830 4.
380 2791 630 2831 luxuriosas
665 2792 828 2831 herbas
859 2796 940 2835 Ax.
1142 2799 1178 2834 6.
1218 2799 1325 2835 inter
1356 2796 1572 2835 dissiliant
1608 2801 1644 2835 et

104 2861 299 2902 cultores
330 2863 532 2903 tredecim
551 2867 642 2915 fere
664 2864 903 2905 litterarum
922 2869 1107 2916 spatium
1131 2870 1178 2907 ,4.
1275 2868 1563 2907 memoranda
1590 2867 1643 2906 de

102 2931 332 2973 schotthis.
360 2935 517 2974 eadem
534 2939 598 2975 est
620 2936 738 2975 enim
764 2935 961 2978 hibernia
983 2949 1098 2989 quae
1123 2944 1163 2977 et
1189 2938 1410 2978 schotthia
1432 2941 1640 2988 mar-9021.

217 3007 254 3043 8.
293 3009 331 3044 9.
368 3007 423 3045 ita
446 3009 524 3047 Ax.

1678 403 1724 446 6.
1748 409 1798 446 ⁴9

1685 1714 1733 1750 53

1727 2754 1750 2784 ⁴
