2048 3275
786 197 1048 231 Genuum.
1635 180 1691 230 13

254 339 377 388 nihil
419 347 587 388 autem
631 354 800 402 neque
853 339 1087 404 publicae,
1143 354 1308 402 neque
1351 339 1576 403 privatae.
1619 340 1686 386 rei
1719 352 1774 397 13

146 433 242 481 nisi
285 432 463 481 armati
505 439 676 496 agunt..
748 431 840 480 sed
876 447 1014 480 arma
1047 447 1252 480 sumere
1295 447 1394 479 non
1423 440 1541 479 anto¹
1581 432 1691 479 cui—

145 540 299 588 quam
352 526 505 572 moris
555 541 709 589 quam
764 526 943 573 civitas
993 525 1328 573 suffecturum
1377 523 1684 588 probaverit.

147 626 254 666 tum
295 618 346 666 in
389 618 496 682 ipso
535 617 744 666 concilio
774 618 853 666 vel
895 619 1184 682 principum
1214 617 1400 681 aliquis
1429 617 1506 664 vel
1550 625 1692 680 pater

147 710 227 759 vel
288 711 562 775 propinqui
622 719 762 760 scuto
827 710 1123 775 frameaque
1184 712 1421 759 iuvenem
1485 720 1683 758 ornant.

144 803 266 852 haec
315 803 452 868 apud
496 803 604 852 illos
644 811 786 867 toga,
846 803 925 851 hic
967 805 1163 868 primus
1216 804 1455 852 iuventae
1497 803 1682 861 honos;

146 905 264 945 ante
315 896 406 945 hoc
445 894 628 945 domus
678 911 796 960 pars
838 895 1105 958 videntur,
1164 912 1279 945 mox
1322 897 1392 944 rei
1431 895 1684 960 publicae.

147 989 362 1054 insignis
391 988 628 1038 nobilitas
668 997 754 1038 aut
785 1006 964 1052 magna
996 998 1195 1053 patrum
1228 991 1403 1038 merita
1446 990 1690 1054 principis

146 1080 492 1146 dignationem
534 1083 687 1131 etiam
728 1081 1122 1132 adolescentulis
1162 1085 1451 1143 assignant:
1510 1083 1692 1132 ceteris

147 1174 520 1224 robustioribus
572 1192 628 1223 ac
672 1177 768 1224 iam
811 1176 1009 1240 pridem
1050 1175 1277 1240 probatis
1328 1184 1683 1240 aggregantur,

149 1283 241 1316 nec
281 1267 438 1317 rubor
479 1270 610 1316 inter
649 1269 857 1317 comites
897 1270 1075 1334 aspici.
1144 1269 1334 1329 gradus
1373 1270 1499 1333 quin
1540 1270 1691 1317 etiam

147 1362 255 1425 ipse
296 1363 565 1410 comitatus
605 1361 773 1416 habet,
822 1361 1009 1411 iudicio
1050 1364 1161 1411 eius
1202 1379 1356 1427 quem
1398 1371 1685 1412 sectantur:

149 1470 435 1519 magnaque
495 1463 543 1503 et
594 1456 833 1504 comitum
885 1456 1183 1505 aemulatio.
1248 1456 1439 1520 quihus
1496 1457 1693 1520 primus

147 1547 288 1611 apud
342 1549 626 1613 principem
688 1564 837 1597 suum
899 1549 1067 1611 locus,
1140 1558 1189 1598 et
1229 1550 1546 1614 principum,
1612 1550 1691 1598 cui

146 1639 351 1704 plurimi
411 1649 459 1689 et
515 1643 749 1690 acerrimi
819 1643 1043 1691 comites.
1129 1642 1251 1691 haec
1290 1641 1538 1707 dignitas,
1598 1643 1692 1690 hae

149 1733 299 1798 vires,
347 1750 531 1798 magno
570 1750 774 1799 semper
800 1735 1076 1784 electorum
1117 1737 1364 1785 iuvenum
1406 1735 1553 1801 globo
1594 1737 1694 1784 cir-

146 1825 402 1877 cumdari:
450 1828 501 1876 in
542 1843 666 1892 pace
707 1827 880 1890 decus,
930 1830 979 1877 in
1020 1828 1154 1878 hello
1194 1828 1530 1893 praesidium.
1601 1845 1694 1877 nec

147 1919 310 1969 solum
352 1920 401 1968 in
443 1937 533 1970 sua
563 1930 712 1986 gente
739 1923 940 1985 cuique,
988 1921 1078 1971 sed
1122 1921 1260 1986 apud
1296 1922 1536 1972 finitimas
1563 1938 1695 1986 quo-

147 2027 247 2076 que
287 2014 518 2063 civitates
571 2014 622 2063 id
673 2030 878 2077 nomen,
926 2031 983 2063 ea
1025 2015 1180 2080 gloria
1223 2023 1324 2078 est,
1386 2017 1425 2064 si
1480 2032 1694 2065 numero

146 2121 204 2155 ac
242 2106 429 2156 virtute
469 2109 736 2157 comitatus
777 2109 1027 2156 emineat:
1087 2116 1400 2173 expetuntur
1439 2110 1576 2157 enim
1618 2109 1693 2157 le-

146 2199 437 2264 gationibus
465 2208 511 2248 et
541 2200 846 2250 muneribus
874 2210 1122 2251 ornantur
1162 2210 1211 2250 et
1251 2203 1357 2267 ipsa
1388 2202 1693 2267 plerumque

149 2291 277 2342 sama
319 2291 451 2341 bella
501 2293 787 2359 profligant.

272 2453 333 2493 ¹3,
377 2454 409 2489 ¹.
449 2451 564 2501 pluco
592 2451 632 2492 C.
739 2454 776 2491 Ξ.
803 2456 971 2492 armate
989 2464 1043 2503 pr
1064 2452 1104 2492 C.
1172 2454 1288 2504 cuiq;
1321 2452 1362 2491 C.
1461 2456 1495 2492 4.
1527 2458 1619 2492 tum
1648 2452 1699 2493 Cc

147 2525 184 2560 et
203 2532 336 2571 supra
369 2533 471 2560 cum
497 2520 548 2564 οἳ,
588 2522 699 2561 Cum
728 2523 797 2570 Bb,
833 2523 941 2562 Tum
969 2522 1005 2578 β.
1144 2528 1181 2562 .“3.
1222 2525 1458 2576 propinqui
1484 2525 1554 2566 Bb.
1594 2536 1698 2576 pro-

148 2593 340 2644 pinquvs
365 2596 401 2630 'v
418 2605 520 2633 corr
533 2605 587 2634 σε
608 2595 632 2643 i)
660 2593 701 2634 G.
731 2596 1006 2647 propinquus
1030 2609 1065 2636 c.
1209 2599 1246 2634 6.
1285 2597 1386 2634 hinc
1411 2607 1445 2635 c.
1571 2600 1607 2635 7.
1637 2597 1697 2635 rei

151 2675 193 2716 p·
223 2663 264 2706 C.
294 2666 373 2703 rei·
399 2666 528 2716 pii-b.
643 2669 681 2705 9.
710 2668 846 2705 ceteri
873 2667 1049 2717 Lipsius,
1079 2669 1298 2718 Hauptius.
1400 2671 1459 2706 ¹¹.
1490 2667 1624 2706 robor
1643 2666 1695 2707 οἳ.

240 2739 303 2774 ¹2.
341 2737 629 2776 commitatus
655 2736 968 2789 Cplemmque.
1028 2739 1185 2778 iuditio
1204 2739 1246 2779 C.
1357 2743 1416 2778 ¹3.
1449 2745 1511 2790 pm
1538 2738 1580 2787 C,
1606 2740 1699 2790 pri-

149 2817 271 2846 mum
297 2818 329 2846 c.
431 2810 494 2846 ¹4.
521 2804 762 2861 pincipium
786 2810 855 2848 cui
878 2809 920 2852 C,
947 2811 1233 2862 principium.
1263 2810 1342 2849 Cui
1367 2821 1402 2850 c.
1499 2814 1559 2848 ¹5.
1599 2811 1698 2861 plu-

149 2876 265 2918 rimfi
286 2890 343 2929 pr
361 2879 407 2921 C.
471 2880 654 2920 acerimi
683 2879 725 2921 C.
782 2880 862 2939 liqc
888 2879 1008 2922 uiros
1043 2881 1148 2932 Cpr
1169 2882 1205 2921 b.
1343 2885 1406 2921 ¹6.
1444 2882 1698 2923 circundari

147 2949 217 2989 Bc.
347 2954 408 2990 ¹8.
441 2952 555 3002 giete
584 2951 624 2992 C.
764 2956 831 2992 20.
870 2957 1079 3006 expectur
1105 2952 1145 2993 C.
1280 2957 1347 2992 ⁶2¹.
1386 2954 1636 3006 plerunque
1662 2964 1696 2993 c.

1725 724 1746 758 ὅ

1728 1190 1775 1225 40

1729 1656 1776 1693 45

1726 2122 1776 2158 20
