2048 3275
217 771 266 807 40

215 1233 264 1269 ⁴5

307 239 335 289 8
446 224 456 235 ¹
861 253 1090 287 CORNELII
1130 252 1288 285 nom

302 412 366 444 ne
404 395 679 444 verberare
720 393 929 458 quidem
979 395 1077 443 nisi
1116 391 1465 442 sacerdotibus
1502 393 1830 457 permissum,

302 503 405 536 non
443 488 589 551 quasi
638 488 691 535 in
730 502 947 551 poenam
998 502 1094 534 nec
1132 485 1279 534 ducis
1328 485 1500 546 iussu⁷
1567 482 1660 532 sed
1698 483 1838 533 velut

303 578 397 628 deo
446 580 757 643 imperante,
818 594 971 642 quem
1011 577 1191 627 adesse
1243 576 1556 626 bellantibus
1596 575 1831 626 credunt.

302 671 598 736 effigiesque
627 679 677 720 et
702 673 845 736 signa
885 669 1138 735 quaedam
1178 668 1402 718 detracta
1437 669 1564 718 lucis
1603 669 1656 717 in
1683 684 1836 733 proe-

302 764 425 812 lium
476 763 662 812 ferunt.
743 762 984 827 quodque
1021 763 1355 827 praecipuum
1405 759 1714 810 fortitudinis
1753 762 1836 809 in—

300 857 627 905 citamentum
669 863 759 918 est,
817 871 918 903 non
958 871 1107 904 casus
1145 870 1241 903 nec
1278 854 1481 903 fortuita
1519 853 1836 918 conglobatio

300 955 519 997 turmam
560 956 646 997 aut
684 963 907 997 cuneum
945 946 1088 1010 facit,
1146 946 1238 996 sed
1276 946 1497 995 familiae
1538 954 1587 995 et
1624 947 1837 1010 propin—

299 1041 544 1104 quitatesg
606 1047 655 1088 et
690 1041 743 1088 in
781 1041 1014 1104 proximo
1051 1040 1292 1104 pignora>
1348 1037 1489 1088 unde
1528 1038 1835 1088 seminarum

297 1132 521 1181 ululatus
560 1132 743 1196 audiri,
789 1131 928 1181 unde
966 1132 1163 1196 vagitus
1203 1130 1492 1180 infantium.
1560 1131 1612 1178 hi
1649 1131 1834 1195 cuique

300 1226 604 1274 sanctissimi
643 1232 813 1288 testeS,
861 1225 1142 1273 himaximi
1170 1223 1485 1273 laudatores:
1531 1222 1598 1272 ad
1623 1231 1827 1287 matres7

299 1315 364 1365 ad
402 1318 644 1382 coniuges
681 1317 898 1367 vulnera
936 1316 1133 1377 ferunt:
1185 1332 1281 1364 nec
1320 1316 1435 1364 illae
1475 1332 1748 1365 numerare
1788 1324 1835 1365 et

298 1410 501 1473 exigere
540 1409 715 1474 plagas
754 1418 971 1474 pavent,
1026 1408 1268 1472 cibosque
1318 1415 1367 1456 et
1405 1409 1685 1457 hortamina
1734 1425 1835 1473 pu—

299 1501 575 1566 gnantibus
602 1508 815 1566 gestant.
862 1503 1136 1550 memoriae
1164 1500 1396 1566 proditur
1423 1500 1673 1564 quasdam
1699 1501 1834 1550 acies

295 1594 564 1642 inclinatas
603 1595 702 1642 iam
743 1602 790 1642 et
828 1594 1059 1643 labantes
1099 1610 1127 1642 a
1166 1594 1368 1643 feminis
1413 1594 1671 1643 restitutas
1710 1609 1833 1642 con-

295 1686 473 1734 stantia
525 1702 735 1750 precum
789 1694 835 1735 et
887 1686 1088 1735 obiectu
1142 1693 1407 1751 pectorum
1457 1694 1505 1734 et
1558 1693 1833 1735 monstrata

294 1779 578 1828 comminus
617 1780 932 1844 captivitate,
988 1795 1143 1843 quam
1182 1779 1330 1844 longe
1370 1779 1718 1844 impatientius
1757 1778 1834 1826 fe-

293 1871 549 1919 minarum
588 1887 796 1920 suarum
825 1872 1032 1920 nomine
1071 1873 1267 1934 timent7
1315 1870 1442 1921 adeo
1481 1879 1539 1920 ut
1577 1869 1832 1919 efficacius

294 1962 584 2027 obligentur
610 1965 766 2012 animi
794 1965 1054 2013 civitatum
1078 1964 1266 2028 quibus
1297 1966 1430 2012 inter
1451 1963 1655 2012 obsides
1681 1963 1831 2027 puel-

292 2055 369 2104 lae
410 2071 615 2120 quoque
656 2056 858 2106 nubiles
896 2058 1233 2121 imperantur.
1305 2057 1474 2105 inesse
1514 2056 1640 2119 quin
1679 2055 1830 2103 etiam

407 2351 444 2388 7.
481 2359 642 2399 penam
664 2349 712 2388 B.
776 2347 916 2387 ueluti
944 2347 986 2389 C.
1117 2350 1155 2386 8.
1192 2346 1401 2399 imprelifi
1423 2347 1463 2387 C.
1603 2350 1669 2385 40.
1706 2345 1831 2387 forti-

292 2419 411 2458 tudis
438 2418 479 2460 C.
613 2422 678 2458 Μ.
716 2430 860 2470 neque
883 2419 918 2457 b.
1056 2421 1123 2458 42.
1159 2421 1236 2458 aut
1258 2423 1354 2460 ante
1375 2419 1730 2470 propinquitates
1752 2418 1825 2464 Bb,

291 2493 335 2529 et.
359 2488 455 2544 βΟο.
639 2494 706 2530 43.
743 2489 1042 2529 foeminarum
1065 2490 1123 2528 bc.
1287 2492 1353 2528 44.
1392 2490 1590 2530 ululatus
1613 2488 1831 2529 foemina-

292 2571 395 2599 rum
422 2560 463 2600 C.
645 2564 709 2601 46.
745 2562 930 2600 vulnere
957 2560 996 2600 C.
1063 2561 1136 2600 ille
1162 2564 1367 2600 numerat
1393 2561 1435 2602 C.
1501 2571 1765 2600 enumerare
1790 2561 1825 2599 b.

347 2662 389 2697 et
418 2659 485 2706 Cc,
522 2662 595 2697 aut
617 2659 688 2698 Bb.
755 2663 821 2699 47.
859 2663 899 2699 et
924 2672 991 2700 om
1018 2660 1059 2700 C.
1124 2653 1343 2700 crtamina
1367 2658 1440 2713 βΟ.

407 2733 442 2778 8,
475 2733 511 2768 4.
537 2730 725 2781 prodere
750 2742 783 2770 c.
877 2736 916 2771 2.
944 2732 1130 2771 inclinas
1153 2731 1195 2771 C.
1251 2731 1456 2770 foeminis
1480 2733 1537 2770 bc.
1633 2734 1670 2769 3.
1696 2740 1828 2782 preco

296 2801 362 2841 Cc.
428 2802 670 2839 monstrate
699 2799 738 2840 C.
882 2804 919 2842 4.
956 2803 1159 2842 cominus
1187 2802 1255 2843 Cb.
1322 2803 1576 2854 inpatiEtius
1603 2800 1647 2849 C,
1683 2801 1826 2852 impa-

291 2872 378 2910 tius
402 2882 435 2911 e.
501 2870 796 2910 foeminarum
822 2871 898 2912 ch
920 2877 957 2913 et
978 2874 1174 2912 sim-iliter
1197 2872 1327 2921 infra.
1436 2876 1473 2912 5.
1501 2872 1717 2912 efficatius
1740 2871 1822 2913 BC.

408 2973 445 3008 7.
482 2945 654 3009 nobiles
677 2970 713 3017 b,
752 2970 923 3010 nobiles
948 2970 1049 3011 BCc.
1115 2950 1394 3023 imperentur
1416 2973 1451 3011 b.
