2048 3275
807 198 1072 232 thmxu.
1646 181 1710 230 27

161 342 328 391 amnis
367 341 566 398 colunt,
628 340 925 389 Chattorum
967 337 1227 403 quondam
1267 337 1492 403 populus
1539 347 1586 386 et
1628 354 1713 386 se.-

164 432 356 482 ditione
384 433 660 482 domestica
703 434 753 481 in
795 449 883 481 eas
923 431 1073 481 sedes
1113 440 1461 491 transgressus
1503 432 1552 478 in
1594 431 1714 493 qui-

165 524 262 575 bus
301 541 420 591 pars
458 526 671 575 Romani
726 526 926 590 imperii
970 525 1169 574 fierent.
1251 532 1423 572 manet
1465 524 1625 571 honos
1664 531 1714 571 et
1746 532 1767 567 5

164 619 406 682 antiquae
447 619 702 668 societatis
744 619 971 682 insigne·
1039 633 1156 666 nam
1201 633 1293 665 nec
1335 615 1539 664 tributis
1589 631 1714 664 con-

164 720 468 761 temnuntur
507 727 601 760 nee
628 710 939 775 publicanus
973 710 1170 769 atterit3
1218 710 1439 771 exempti
1469 708 1715 757 oneribus

165 812 213 852 et
255 803 612 853 collationibus
652 813 701 852 et
741 812 939 853 tantum
994 804 1044 852 in
1087 819 1238 852 usum
1280 802 1590 867 proeliorum
1631 817 1714 849 se-

164 897 313 961 positi
355 896 495 946 velut
547 897 644 945 tela
686 906 839 960 atque
880 912 1019 945 arma
1061 895 1210 944 bellis
1250 903 1601 944 reservantur.

273 998 350 1038 est
399 991 450 1039 in
510 988 690 1038 eodem
756 988 1003 1053 obsequio
1064 998 1109 1037 et
1165 990 1512 1037 Mattiacorum
1564 1002 1709 1052 gens.
1752 995 1798 1030 4ο

164 1083 375 1147 protulit
415 1084 553 1132 enim
595 1062 895 1143 magnitudo
934 1082 1110 1146 populi
1150 1082 1362 1129 Romani
1404 1080 1534 1130 ultra
1575 1080 1716 1128 Rhe-

168 1191 291 1225 num
321 1176 560 1240 ultraque
590 1184 789 1223 veteres
828 1175 1074 1223 terminos
1115 1175 1315 1239 imperii
1351 1173 1711 1221 reverentiam.

167 1270 231 1316 ita
283 1267 405 1317 sede
461 1269 757 1331 finibusque
808 1269 859 1316 in
901 1283 991 1316 sua
1034 1269 1159 1332 ripa,
1219 1275 1391 1315 mente
1443 1267 1717 1329 animoque

168 1359 436 1410 nobiscum
478 1370 655 1426 agunt,
715 1369 882 1409 cetera
923 1360 1118 1409 similes
1157 1360 1384 1421 Batavis,
1441 1360 1538 1407 nisi
1580 1355 1718 1422 quod

169 1454 278 1518 ipso
329 1453 497 1504 adhuc
550 1463 715 1503 terrae.
768 1469 892 1503 suae
945 1453 1049 1503 solo
1101 1462 1148 1502 et
1200 1453 1338 1501 caelo
1387 1454 1556 1501 acrius
1606 1451 1720 1500 ani·
1759 1460 1803 1495 45

132 1606 136 1610 ⁴
169 1554 391 1595 mantur.

279 1655 379 1689 non
443 1641 826 1689 numeraverim
897 1639 1032 1687 inter
1098 1637 1402 1686 Germaniae.
1482 1635 1714 1701 populos,

168 1747 485 1796 quamquam
537 1741 678 1781 trans
715 1733 954 1782 Rhenum
1008 1731 1409 1794 Danuviumque
1467 1728 1721 1777 consede-

173 1826 288 1885 rint,
335 1841 422 1874 eos
461 1826 548 1889 qui
591 1823 890 1874 decumates
928 1840 1074 1889 agros
1114 1831 1374 1872 exercent.
1428 1822 1722 1870 levissimus

171 1919 391 1982 quisque
429 1917 688 1967 Gallorum
741 1926 791 1967 et
843 1918 1011 1983 inopia
1067 1915 1239 1966 audax
1290 1914 1479 1964 dubiae
1518 1929 1723 1979 posses-
1754 1925 1806 1961 20

172 2011 329 2060 sionis
368 2010 531 2060 solum
560 2026 906 2076 occupavere3
954 2027 1071 2059 mox
1111 2010 1272 2058 limite
1312 2017 1421 2058 aeto
1450 2007 1724 2072 promotis-

172 2118 272 2168 que
332 2102 605 2168 praesidiis
663 2105 808 2153 sinus
879 2103 1079 2169 imperii
1138 2111 1187 2150 et
1252 2117 1372 2165 pars
1428 2100 1723 2166 provinciae

173 2196 451 2246 habentur.

284 2289 414 2338 ultra
458 2289 547 2337 hos
575 2288 739 2337 Chatti
783 2290 984 2338 initium
1026 2287 1164 2337 sedis
1204 2287 1268 2336 ab
1298 2287 1550 2351 Hercynio
1590 2284 1722 2334 saltu
1745 2290 1811 2334 ³0

291 2464 329 2499 3.
365 2460 622 2499 Chattorum
651 2459 716 2506 Cc,
753 2427 992 2507 cfattorum
1020 2460 1065 2507 B,
1101 2462 1323 2498 cattorum
1347 2457 1384 2496 b.
1450 2456 1627 2508 populis
1655 2455 1720 2495 Ge.

290 2535 328 2570 5.
366 2532 524 2583 inperii
553 2532 594 2572 C.
740 2534 778 2570 7.
814 2532 945 2570 aierit
971 2531 1013 2572 C.
1109 2528 1357 2569 honeribus
1384 2528 1425 2568 C.
1563 2531 1602 2566 8.
1629 2526 1723 2566 cot-

175 2602 472 2643 locationibus
492 2604 524 2643 B
541 2607 579 2643 et
595 2613 730 2652 supra
748 2601 1062 2641 collationibus
1077 2599 1132 2640 εἳ.
1198 2600 1343 2651 seposi
1368 2600 1407 2640 C.
1534 2602 1599 2637 40.
1628 2609 1725 2637 ma-

175 2675 391 2713 tiacorum
420 2673 460 2714 C.
645 2676 711 2712 tt.
748 2685 819 2725 po·
846 2670 935 2711 Καὶ·
961 2672 996 2712 b.
1174 2673 1236 2710 tt.
1273 2670 1447 2710 batauis
1469 2671 1506 2710 b.
1601 2681 1643 2720 (μ
1681 2669 1723 2707 in

176 2742 245 2796 ipa
274 2744 314 2786 C.
476 2747 542 2784 47.
578 2745 967 2784 numeraverimus
994 2743 1035 2784 C.
1207 2746 1271 2781 48.
1308 2741 1651 2791 danuuiumque
1680 2740 1721 2786 C,

176 2815 516 2867 danubiumque
540 2816 635 2856 Bbc.
821 2818 886 2854 49.
923 2814 1222 2855 Decumathes
1246 2814 1317 2853 Bc.

293 2904 363 2947 30,
401 2905 437 2940 4.
474 2900 586 2941 ultra
615 2898 709 2954 (ῗοβ,
747 2899 868 2940 ulera
891 2900 963 2939 Bb.
1059 2899 1195 2939 chatti
1223 2899 1290 2945 Bc,
1328 2898 1430 2938 catti
1455 2897 1524 2938 bC.
1630 2873 1724 2935 hir-

173 2972 304 3022 cynio
326 2972 363 3019 b,
400 2971 600 3013 hertinio
627 2971 693 3017 Cc,
741 2971 952 3022 Hircynio
976 2971 1022 3011 B.
