2048 3275
489 222 512 253 ε
539 220 772 253 rouro-m
804 220 959 253 ιειΑε
991 221 1133 253 uano
1164 222 1195 253 1.
1233 221 1281 254 n.
1589 206 1654 255 79

108 369 190 410 tus
249 361 411 424 Illyris
458 370 689 425 occupat.
785 363 915 410 inter
974 364 1140 426 ipsum
1207 362 1554 411 Hadriaticum
1606 372 1654 410 et

108 456 329 504 Tuscum
372 454 507 503 ltalia
548 454 816 518 procurrit.
878 455 927 503 in
968 456 1130 503 Tusco
1159 456 1335 503 intimo
1362 456 1520 504 Gallia
1553 465 1646 513 est,

109 547 238 596 ultra
281 546 539 611 Hispania.
620 547 743 595 haec
794 549 845 595 in
896 547 1211 596 occidentem
1265 546 1458 612 diuque
1499 551 1650 598 etiam

109 638 174 688 ad
212 641 613 703 septentrionem
655 638 875 688 diversis
915 640 1166 689 frontibus
1207 643 1387 705 vergit.
1461 640 1651 690 deindt¹

109 747 287 781 rursus
313 732 470 781 Gallia
501 740 596 792 est,
641 732 787 797 longe
813 741 861 780 et
901 749 927 781 a
967 735 1150 782 nostris
1179 732 1410 782 litoribus
1439 734 1536 782 buc
1562 750 1651 783 us-

107 840 207 888 que
247 827 516 890 permissa.
598 824 662 873 ab
703 841 760 873 ea
801 828 1042 874 Germani
1083 826 1147 875 ad
1187 828 1446 876 Sarmatas
1487 830 1651 891 porri-

106 925 310 982 guntur,
359 918 427 967 illi
467 917 530 967 ad
572 918 763 967 Asiam.

730 1076 759 1116 E
795 1077 950 1116 Lumo
977 1077 1025 1116 ll.

219 1207 227 1215 .
267 1206 276 1215 .
314 1207 323 1215 .
368 1167 645 1233 Callipidas
702 1170 926 1235 Hypanis
988 1169 1200 1219 includit
1244 1209 1253 1218 .
1302 1209 1310 1217 .
1358 1210 1366 1217 .
1446 1170 1652 1219 Asiae-es

109 1262 373 1325 proximus
415 1264 542 1312 intra
573 1262 851 1327 Callipidas
877 1262 1191 1327 Asiacasque
1220 1262 1504 1312 deseendit.
1563 1264 1651 1311 hos

105 1353 169 1403 ab
210 1355 437 1404 Histricis
465 1357 591 1420 Tyra
616 1365 835 1421 separat.
888 1358 1047 1421 surgit
1078 1358 1129 1404 in
1157 1356 1367 1405 Neuris:
1403 1372 1503 1420 qua
1526 1359 1643 1415 exit,

105 1448 184 1497 sui
226 1450 446 1497 nominis
486 1447 734 1513 oppidum
762 1447 994 1513 adtingit.
1076 1457 1122 1498 at
1166 1449 1247 1498 ille
1288 1450 1374 1513 qui
1415 1451 1649 1515 Scythia«¹

109 1541 324 1605 populos
363 1559 389 1590 a
430 1541 771 1606 sequentibus
811 1541 1019 1604 dirimit,
1066 1543 1255 1607 apertis
1297 1544 1346 1590 in
1379 1543 1647 1592 Germania

104 1632 355 1684 fontibus.
411 1634 509 1683 alio
549 1651 702 1699 quam
744 1633 931 1684 desinit
961 1637 1166 1684 nomine
1207 1637 1451 1685 exoritur.
1533 1652 1647 1684 nam

103 1741 196 1789 per
237 1728 459 1776 inmania
502 1743 802 1792 magnarum
844 1729 1071 1792 gentium
1112 1727 1202 1777 diu
1243 1729 1510 1778 Danubius
1551 1739 1642 1778 est.

105 1817 295 1868 deinde
349 1820 494 1868 aliter
544 1837 661 1870 euni
715 1819 1097 1885 adpellantibus
1149 1822 1331 1871 accolis
1389 1822 1441 1870 fit
1484 1823 1651 1870 Hister

103 1912 428 1976 acceptisque
470 1914 657 1978 aliquot
699 1913 955 1975 amnibus⁷
1005 1915 1185 1979 iugens
1234 1916 1331 1963 iani
1384 1924 1431 1963 et
1473 1932 1646 1964 eorum

104 2006 193 2068 qui
235 2006 284 2054 in
327 2015 553 2056 nostrum
597 2023 736 2056 mare
778 2005 1021 2056 decidunt
1062 2015 1260 2057 tantum
1302 2008 1410 2056 Nilo
1462 2010 1641 2066 minor,

106 2096 314 2147 totidem
337 2107 456 2162 quot
498 2099 580 2148 ille
621 2101 777 2159 ostiis,
812 2099 903 2149 sed
944 2099 1108 2150 tribus
1137 2100 1396 2162 tenuibus,
1438 2102 1648 2164 reliquis

105 2190 483 2256 navigabilibus
523 2192 704 2242 effluit.

214 2322 223 2332 .
262 2322 271 2332 .
310 2324 319 2332 .
364 2284 553 2334 deinde
585 2287 722 2334 Luna
768 2287 1007 2351 Ligurum
1049 2294 1096 2335 et
1136 2287 1329 2351 Tigulia
1371 2295 1419 2335 et
1469 2289 1647 2335 (jenua
1720 2332 1725 2338 ,

102 2384 151 2424 et
190 2376 451 2427 Sabatiaet
484 2377 886 2443 Albingaunum,
934 2387 1038 2427 tum
1078 2378 1227 2427 Paulo
1258 2388 1305 2427 et
1336 2379 1520 2428 Varum
1552 2378 1649 2427 ssu-

103 2469 256 2526 mina,
305 2478 520 2534 utraque
570 2470 635 2519 ab
675 2470 891 2535 Alpibus
932 2471 1158 2541 delapsa,
1194 2470 1285 2519 sed
1315 2473 1500 2520 Varum
1531 2473 1648 2535 quia

103 2561 293 2611 ltaliam
320 2562 426 2611 finit
457 2563 717 2627 aliquanto
746 2565 932 2613 notius.
966 2564 1120 2628 Alpes
1159 2565 1297 2629 ipsae
1336 2563 1401 2611 ab
1430 2565 1506 2613 bis
1536 2565 1649 2613 lito-

212 2749 252 2791 7,
293 2751 327 2787 4.
363 2753 402 2788 Ξ.
440 2750 702 2801 Callippidas
725 2752 755 2789 A
790 2754 873 2789 tle.
911 2751 1043 2789 codes
1084 2749 1307 2790 Vaticanus
1337 2753 1446 2789 ⁴929
1491 2762 1599 2790 saec.
1629 2763 1649 2788 x

103 2820 296 2858 ineuntis.
462 2823 500 2859 3.
539 2832 645 2872 pyra
671 2823 739 2861 Aa:
764 2822 931 2872 (reliqui
953 2823 1049 2860 libri
1071 2826 1145 2861 aut
1169 2833 1311 2861 omnes
1331 2826 1404 2861 aut
1423 2823 1612 2873 plerique
1639 2854 1645 2860 .

213 2892 253 2935 8,
274 2893 312 2929 7.
336 2890 460 2931 Nilus
475 2896 713 2943 —septem
733 2894 773 2931 in
789 2904 861 2931 ora
877 2903 922 2931 se
938 2892 1146 2932 scindens
1161 2894 1449 2932 —evolvitur
1464 2897 1477 2931 4
1494 2925 1501 2937 ,
1521 2897 1558 2932 8.
1580 2897 1622 2931 54
1642 2925 1647 2931 .

216 2964 281 3007 72,
321 2966 358 3000 4.
398 2963 544 3014 ligulia
571 2966 647 3004 Ax.
849 2967 889 3003 Ξ.
924 2963 1244 3004 albincauuum
1269 2966 1349 3004 Ax.

1687 560 1737 596 49
