2048 3275
298 726 346 761 45

296 1187 346 1222 20

382 189 447 237 26
939 203 1168 236 com-mn
1208 203 1366 235 uem

383 343 474 392 sed
513 352 686 392 utrum
725 343 955 391 Aravisci
993 343 1046 390 in
1086 344 1397 392 Pannoniam
1437 343 1501 392 ab
1528 344 1659 406 Osis,
1705 344 1918 393 Germa-

381 450 562 484 norum
601 435 822 496 natione,
869 450 934 483 an
974 435 1061 483 Osi
1101 435 1166 483 ab
1203 435 1460 484 Araviscis
1498 437 1551 483 in
1591 436 1917 485 Germaniam

381 527 851 591 commigraverint„
913 543 1029 576 cum
1070 526 1251 576 eodem
1291 526 1459 576 adhuc
1496 543 1728 577 sermone
1767 529 1917 577 insti-

381 620 503 668 tutis
541 618 770 667 moribus
797 628 1024 681 utantur,
1071 621 1324 668 incertum
1351 628 1443 682 est,
1491 622 1610 682 quia
1647 622 1758 685 pari
1796 620 1914 668 olim

380 713 550 774 inopia
606 727 663 760 ac
719 711 953 760 libertate
1009 711 1189 761 eadem
1246 714 1518 775 utriusque
1580 713 1721 777 ripae
1785 712 1917 761 bona

380 804 616 867 malaque
656 811 815 852 erant.
863 805 1070 852 Treveri
1097 813 1148 852 et
1172 804 1343 853 Nervii
1383 805 1516 853 circa
1543 804 1914 853 affectationem

381 896 712 944 Germanicae
753 897 959 960 originis
996 896 1129 945 ultro
1169 896 1423 945 ambitiosi
1463 905 1597 956 sunt,
1655 904 1917 960 tamquam

379 1003 472 1052 per
497 988 628 1036 hanc
669 988 877 1052 gloriam
907 989 1169 1052 sanguinis
1209 1005 1236 1037 a
1276 988 1611 1037 similitudine
1646 998 1696 1037 et
1733 990 1915 1038 inertia

381 1080 638 1129 Gallorum
697 1089 1018 1144 separentur.
1105 1082 1268 1146 ipsam
1324 1082 1488 1129 Rheni
1556 1083 1720 1145 ripam
1777 1080 1916 1130 haud

381 1171 537 1221 dubie
566 1173 938 1222 Germanorum
965 1173 1140 1237 populi
1182 1174 1371 1226 colunt,
1405 1174 1692 1237 Vangiones
1719 1173 1916 1222 Triboci

379 1266 635 1314 Nemetes.
716 1282 780 1313 ne
844 1265 959 1313 Ubii
1017 1265 1254 1329 quidem,
1324 1281 1636 1330 quamquam
1692 1266 1917 1314 Romana

380 1357 572 1406 colonia
625 1374 736 1406 esse
788 1359 1071 1406 meruerint
1122 1375 1179 1407 ac
1228 1358 1473 1407 libentius
1511 1357 1917 1423 Agrippinenses

381 1448 655 1498 conditoris
684 1450 761 1499 sui
804 1451 1010 1498 nornine
1039 1458 1301 1512 vocentur,
1349 1452 1541 1515 origine
1582 1450 1909 1513 erubescunt,

380 1543 683 1606 transgressi
737 1542 856 1590 olim
907 1551 953 1590 et
996 1544 1348 1607 experimento
1399 1543 1521 1592 fidei
1560 1558 1716 1607 super
1754 1544 1917 1607 ipsam

297 1650 348 1685 25
381 1634 545 1682 Rheni
584 1635 746 1698 ripam
784 1634 1025 1696 collocati,
1071 1644 1128 1684 ut
1167 1644 1414 1698 arcerent,
1460 1651 1561 1684 non
1601 1644 1657 1684 ut¹
1695 1634 1921 1684 custodi-

297 1832 363 1876 29

385 1735 581 1775 rentur.

492 1820 719 1868 omnium
770 1819 952 1868 harum
1002 1822 1229 1884 gentium
1280 1821 1467 1868 virtute
1516 1820 1778 1884 praecipui
1824 1821 1921 1868 Ba-

383 1911 485 1958 tavi
543 1927 645 1959 non
703 1912 921 1960 multum
982 1929 1045 1961 ex
1102 1914 1243 1977 ripa,
1319 1911 1410 1961 sed
1474 1912 1693 1961 insulam
1755 1912 1918 1960 Rheni

504 2191 565 2227 14.
601 2190 790 2229 aranisci
816 2187 852 2242 3.
918 2200 941 2227 a
964 2189 1078 2229 boiis
1104 2190 1231 2236 Bch,
1268 2190 1357 2228 osis
1378 2200 1530 2240 vmargo
1554 2186 1590 2242 3.
1727 2191 1790 2227 42.
1827 2190 1918 2228 osci

389 2257 426 2298 C.
584 2263 648 2298 43.
685 2261 1052 2311 comigrauerunt
1079 2260 1142 2300 Cc.
1298 2263 1362 2301 44.
1400 2263 1589 2299 utuntur
1613 2260 1654 2300 C.
1718 2261 1821 2310 quia
1849 2260 1913 2307 Cc,

384 2330 456 2379 qni
480 2330 527 2378 B,
563 2330 649 2385 qb,
701 2342 755 2386 qa
779 2330 815 2384 3.
940 2331 1046 2370 olim
1082 2328 1169 2386 ruli
1210 2331 1248 2371 C.
1466 2335 1531 2370 46.
1566 2331 1716 2370 Nervii
1754 2331 1920 2369 Rhena-

382 2426 474 2460 ηας,
510 2415 665 2454 Neruli
693 2416 794 2464 BCc,
827 2385 973 2455 'iterun
997 2417 1033 2455 b.
1127 2417 1241 2470 citra
1260 2417 1296 2463 b,
1333 2417 1448 2456 circa
1472 2413 1509 2469 β.
1708 2419 1771 2454 -17,
1810 2415 1919 2454 Ger-

383 2487 554 2525 manice
580 2487 625 2534 Β,
674 2489 913 2538 germanici
938 2498 971 2535 c,
1019 2488 1243 2538 germanie
1272 2488 1311 2534 C,
1358 2498 1592 2538 germanae
1615 2487 1651 2525 b.
1773 2485 1919 2525 ambi-

383 2558 562 2606 tionipr
589 2558 628 2597 C.
724 2558 889 2609 tanqua
915 2558 957 2596 B.
1151 2562 1214 2597 48.
1255 2556 1404 2597 inh'tia
1432 2558 1471 2598 C.
1655 2561 1718 2596 49.
1755 2568 1918 2612 sepen—

382 2630 454 2665 tur
476 2628 522 2675 Β,
568 2633 829 2679 seperentur
862 2631 896 2668 b.
1096 2632 1162 2667 20.
1200 2629 1369 2668 treboci
1397 2628 1435 2669 C.
1633 2631 1701 2667 2⁴.
1739 2638 1792 2666 ne
1825 2627 1919 2667 Ubii

389 2711 612 2762 Gruterus,
649 2714 780 2753 Nubii
806 2715 910 2761 BCc,
946 2683 1068 2766 iiubii
1094 2715 1129 2758 b,
1165 2714 1254 2764 vbij
1279 2725 1432 2764 mar-90
1457 2711 1493 2767 3.
1676 2716 1742 2752 22.
1779 2712 1920 2752 collo-

383 2784 452 2821 nia
482 2784 521 2823 C.
701 2787 769 2823 24.
805 2785 1054 2835 Trasgressi
1082 2786 1121 2825 C.

498 2857 567 2901 29,
609 2858 643 2893 1.
681 2854 830 2894 bataui
856 2857 892 2902 b,
928 2855 1094 2894 batauii
1120 2856 1224 2903 BCc,
1268 2855 1374 2894 batii
1397 2866 1532 2905 supra
1554 2852 1607 2893 οἳ.
1777 2856 1815 2892 2.
1852 2855 1921 2892 in-

385 2925 478 2964 sula
512 2937 545 2964 c.
