2048 3275
432 239 528 285 114
895 253 921 283 E
951 252 1101 285 PL1N11
1135 231 1277 285 Lumo
1306 253 1483 285 xxxvn.

428 401 505 442 est
553 393 739 457 pineus
778 393 830 440 in
871 391 1061 440 adtritu
1099 391 1223 441 odor
1261 399 1310 440 et
1357 392 1493 457 quod
1542 408 1814 442 accensum
1852 399 1962 442 tae-

377 495 398 531 5
432 483 528 533 dae
568 483 716 533 modo
756 500 815 533 ac
852 483 1030 533 nidore
1070 484 1266 548 flagrat.
1346 483 1574 534 adfertur
1629 502 1657 534 a
1697 486 1965 535 Germanis

432 578 485 625 in
523 578 836 626 Pannoniam
876 577 1097 625 maxime
1136 577 1467 641 provinciam,
1527 584 1576 626 et
1626 577 1747 627 inde
1786 579 1965 626 Veneti

428 671 670 735 primum,
704 684 831 733 quos
858 669 1047 717 Enetos
1077 669 1254 718 Graeci
1294 676 1630 734 vocaverunt,
1677 670 1863 719 famam
1890 671 1964 718 rei

428 762 594 810 fecere
634 762 957 826 proximique
997 762 1286 810 Pannoniae
1327 769 1376 810 et
1414 770 1621 827 agentes
1658 764 1788 811 circa
1825 778 1963 811 mare

354 862 408 901 44
442 854 803 903 Hadriaticum.
898 853 1030 903 Pado
1083 870 1204 902 vero
1258 854 1459 903 adnexa
1509 855 1681 927 sabula
1721 862 1797 903 est
1843 855 1962 902 evi-

432 946 584 995 dente
625 962 803 1010 causa,
850 945 1103 1010 hodieque
1143 946 1624 1012 Transpadanorum
1679 946 1963 1012 agrestibus

430 1038 635 1088 feminis
674 1039 939 1087 monilium
979 1040 1091 1087 vice
1131 1041 1308 1088 sucina
1347 1039 1698 1104 gestantibus,
1745 1040 1964 1088 maxime

435 1130 632 1180 decoris
672 1132 854 1195 gratia,
901 1131 992 1180 sed
1032 1139 1079 1179 et
1118 1131 1432 1193 medicinae3
1491 1131 1716 1181 creditur
1773 1132 1963 1196 quippe

375 1234 396 1270 5
432 1224 648 1272 tonsillis
705 1225 940 1273 resistere
991 1232 1039 1272 et
1090 1224 1312 1274 faucium
1373 1226 1513 1288 vitis,
1580 1226 1718 1273 vario
1775 1240 1962 1289 genere

434 1332 685 1380 aquarum
741 1318 882 1365 iuxta
934 1315 1076 1382 Alpis
1128 1317 1398 1366 infestante
1439 1324 1639 1382 guttura
1679 1318 1955 1366 hominum.

344 1416 399 1455 45
431 1425 490 1456 nc
519 1426 552 1456 M
592 1425 644 1474 p.
690 1409 793 1458 fere
833 1426 861 1458 a
900 1409 1157 1458 Carnunto
1207 1411 1496 1459 Pannoniae
1538 1409 1716 1458 abesse
1755 1410 1875 1458 litus
1913 1408 1966 1458 id

429 1502 730 1550 Germaniae
780 1518 842 1549 ex
882 1517 981 1565 quo
1008 1503 1269 1551 invehitur
1295 1503 1648 1567 percognitum
1677 1510 1751 1551 est
1775 1517 1957 1567 nuper.

429 1594 559 1643 vidit
627 1610 786 1658 eques
847 1595 906 1642 R.
963 1594 1029 1643 ad
1079 1594 1133 1644 id
1192 1594 1592 1659 comparandum
1653 1595 1840 1644 missus
1900 1594 1963 1643 ab

431 1687 626 1735 Iuliano
666 1695 875 1736 curante
915 1687 1272 1752 gladiatorium
1313 1704 1503 1736 munus
1528 1688 1742 1736 Neronis
1769 1687 1963 1751 princi-

376 1789 398 1824 5
434 1781 529 1854 pis,
571 1780 695 1842 quin
734 1788 781 1827 et
808 1781 1109 1829 commercia
1136 1796 1195 1829 ea
1229 1788 1277 1829 et
1318 1780 1460 1829 litora
1488 1780 1792 1844 peragravit,
1826 1786 1962 1828 tanta

436 1873 581 1936 copia
620 1873 818 1921 invecta
855 1881 912 1921 ut
949 1874 1072 1921 retia
1111 1872 1405 1921 coercendis
1448 1872 1568 1920 feris
1607 1871 1817 1936 podium
1844 1887 1965 1936 pro—

429 1966 650 2029 tegentia
700 1966 892 2014 sucinis
931 1964 1272 2028 nodarentur,
1337 1966 1527 2014 harena
1584 1980 1707 2012 vero
1758 1971 1808 2012 et
1846 1963 1965 2013 libi—

432 2058 537 2105 tina
595 2064 831 2120 totusque
887 2058 1041 2107 unius
1092 2057 1193 2106 diei
1251 2064 1523 2121 apparatus
1581 2058 1633 2105 in
1683 2058 1963 2106 variatione

545 2244 584 2281 4.
623 2244 661 2280 5.
699 2252 939 2280 accensum
955 2263 1003 2269 —
1019 2240 1220 2280 adfertur
1242 2252 1308 2280 om
1331 2242 1380 2280 Β.
1559 2246 1598 2281 5.
1635 2240 1894 2281 adfirmatur
1913 2241 1959 2290 F,

432 2311 680 2365 affirmatur
701 2323 742 2352 a.
893 2316 932 2352 6.
968 2312 1243 2363 provinciam
1266 2323 1332 2351 om
1354 2313 1401 2351 B.
1581 2317 1619 2351 7.
1647 2315 1822 2352 senatos
1846 2314 1963 2363 greci

432 2384 480 2431 Β,
517 2384 660 2434 graeci
684 2385 799 2422 nitos
821 2385 866 2427 L,
903 2384 1020 2433 greci
1044 2385 1213 2422 inaetos
1243 2385 1379 2427 (natos
1401 2384 1439 2432 a)
1467 2397 1512 2424 m.
1661 2385 1727 2432 44,
1754 2388 1793 2423 2.
1820 2386 1964 2423 trans-

431 2454 712 2505 padonorum
734 2455 782 2501 Β,
819 2455 1224 2506 transpadanorum
1244 2457 1317 2495 La.
1492 2457 1528 2493 4.
1565 2455 1766 2494 creditur
1797 2455 1962 2506 quippe

433 2539 614 2578 tossillis
631 2540 680 2587 Β,
705 2533 765 2590 qil
794 2540 988 2590 (quando
1010 2540 1056 2589 a)
1093 2540 1283 2579 tonsillis
1306 2541 1504 2580 creditur
1530 2551 1575 2578 ω.
1771 2542 1808 2578 6.
1846 2540 1966 2591 alpes

435 2608 502 2657 ΒΞ,
539 2610 635 2649 aliis
660 2612 740 2658 Fa,
787 2611 896 2649 alios
918 2611 964 2649 L.
1173 2612 1238 2659 45,
1265 2615 1302 2650 2.
1339 2614 1407 2650 est
1427 2609 1493 2659 B2‚
1532 2621 1598 2650 om
1618 2622 1663 2649 x.
1766 2611 1963 2662 vivitque

435 2705 573 2745 eques
596 2695 639 2734 R.
668 2696 716 2744 Β,
753 2696 915 2735 videte.
943 2689 984 2746 ᾇ.
1010 2689 1055 2735 R.
1082 2697 1127 2744 F,
1163 2697 1272 2735 vidit
1297 2690 1365 2747 eq.
1393 2696 1439 2736 R.
1466 2708 1505 2744 a,
1549 2696 1659 2735 vidit
1683 2697 1802 2734 enim
1825 2707 1964 2747 eques

433 2777 645 2805 romanus
668 2768 714 2806 L.
864 2769 911 2807 4.·
938 2767 1234 2817 gladiatorum
1257 2768 1367 2806 BLa.
1562 2770 1599 2805 5.
1637 2768 1713 2817 qui
1737 2770 1781 2806 et
1801 2767 1850 2816 B,
1886 2768 1963 2817 qui

433 2847 514 2875 nec
532 2837 603 2876 La.
690 2848 741 2875 ea
754 2837 799 2884 Β,
826 2848 954 2885 omoe,
981 2839 1179 2877 exercuit
1205 2838 1377 2877 Urlichs.
1530 2840 1568 2878 6.
1605 2836 1708 2877 feris
1728 2838 1961 2889 podiumq.

428 2907 476 2955 Β,
514 2908 723 2958 spodium
744 2908 798 2956 L,
836 2908 937 2947 ferit
968 2909 1174 2960 spodium
1201 2920 1240 2948 a.
1306 2909 1480 2959 egentia
1498 2908 1544 2947 Β.
1725 2911 1763 2947 7.
1799 2909 1967 2948 harena

434 2978 695 3030 Detlefsenus
717 2979 808 3018 coll.
837 2982 903 3027 33,
932 2983 996 3019 90.
1027 2983 1093 3028 36,
1123 2983 1217 3028 462,
1253 2991 1373 3019 arma
1395 2980 1475 3020 Boe.
1571 2979 1745 3018 livitina
1766 2979 1833 3019 131.

2028 2787 2041 3130 “xum-›.nvu-w-⁴‘mA—v⁴.
2038 2767 2041 2775 ,Α
2038 2749 2042 2755 ⁴
2040 2722 2043 2733 ¹
2041 2670 2044 2679 -
2039 2649 2044 2654 ι
2029 2617 2033 2620 ”
