2048 3275
415 162 429 208 1
446 161 511 208 44
919 175 1072 208 ivuvs
1101 176 1426 227 ⁵ciuurounvs

411 323 516 363 tum
557 313 943 379 diligentissime
1012 317 1233 365 restituit
1291 324 1341 365 et
1394 333 1592 379 serVOS,
1656 333 1811 382 quem
1873 319 1937 368 ad

411 405 617 455 modum
674 406 806 455 bello
859 408 1041 456 Punico
1093 407 1279 457 factum
1330 408 1518 473 fuerat,
1583 409 1648 459 ad
1706 411 1935 461 militiam

404 498 624 563 paravit.
682 514 807 562 quos
848 500 1156 549 voluntarios
1195 501 1426 566 exemplo
1468 502 1706 552 volonum
1758 503 1937 568 appel-

357 605 377 640 5
411 591 550 640 lavit.
607 593 823 640 armavit
860 594 1009 641 etiam
1055 591 1372 656 gladiatores.
1426 609 1552 658 quos
1595 594 1938 659 obsequentes

409 683 699 746 appellavit.
777 684 996 733 latrones
1036 685 1185 733 etiam
1224 685 1499 734 Dalmatiae
1550 694 1701 750 atque
1741 685 1958 736 Darda—'

408 776 522 824 niae
572 776 757 825 milites
796 775 930 825 fecit.
1011 778 1228 826 armavit
1265 785 1314 826 et
1351 778 1639 828 Diocmitas.
1729 780 1852 828 emit
1889 787 1938 828 et

408 867 775 916 Germanorum
816 869 1002 918 auxilia
1050 876 1221 918 contra
1261 869 1555 919 Germanos.
1622 872 1758 919 omni
1784 887 1936 935 prae-

407 967 542 1009 terea
585 959 845 1025 diligentia
883 962 1082 1025 paravit
1120 962 1345 1026 legiones
1384 962 1448 1011 ad
1488 963 1846 1012 Germanicum
1887 970 1936 1012 et

327 1068 373 1103 4ο
408 1054 866 1102 Marcomannicum
904 1053 1116 1102 bellum.
1185 1062 1234 1103 et
1271 1070 1335 1103 ne
1374 1054 1775 1119 provincialibus
1803 1062 1937 1104 esset

410 1145 677 1209 molestus,
736 1147 1021 1194 auctionem
1062 1161 1233 1194 rerum
1276 1146 1555 1196 aulicarum
1611 1155 1667 1197 ut
1715 1146 1939 1196 diximus

407 1236 525 1286 fecit
562 1239 614 1286 in
655 1237 756 1286 foro
797 1237 902 1286 divi
941 1239 1156 1300 Traiani,
1217 1239 1267 1287 in
1308 1254 1407 1302 qua
1442 1247 1644 1303 praeter
1685 1247 1850 1289 vestes
1889 1247 1939 1288 et

408 1337 456 1378 et
492 1330 672 1394 pocula
725 1339 775 1379 et
813 1347 934 1380 vasa
989 1346 1142 1379 aurea
1201 1332 1349 1380 etiam
1405 1333 1547 1396 signa
1588 1348 1702 1380 cum
1748 1332 1934 1381 tabulis

408 1438 707 1486 magnorum
765 1423 1011 1471 artificum
1080 1422 1334 1472 vendidit.
1435 1426 1816 1473 Marcomannos
1878 1425 1930 1472 in

324 1525 373 1561 45
408 1515 514 1578 ipso
554 1516 769 1564 transitu
795 1515 1013 1564 Danuvii
1055 1514 1244 1564 delevit
1283 1523 1332 1564 et
1367 1515 1611 1580 praedam
1649 1517 1937 1580 provincia-

407 1606 541 1655 libus
581 1606 824 1656 reddidit.

312 1700 379 1742 22
518 1709 694 1764 gentes
733 1715 908 1748 omnes
948 1699 1011 1749 ab
1064 1700 1246 1764 Illyrici
1287 1701 1444 1749 limite
1497 1716 1658 1764 usque
1711 1702 1762 1749 in
1810 1701 1938 1750 Gal—

406 1792 525 1840 liam
566 1792 1008 1856 conspiraverant,
1055 1800 1111 1841 ut
1148 1794 1488 1842 Marcomanni
1535 1794 1760 1842 Varistae
1808 1794 1936 1841 Her-

407 1883 649 1932 munduri
702 1891 750 1932 et
799 1883 991 1948 Quadi,
1046 1884 1203 1934 Suebi
1255 1887 1513 1934 Sarmatae
1569 1886 1836 1949 Lacringes
1887 1893 1936 1933 et

406 1977 538 2038 Buri,
586 1976 634 2023 hi
677 1977 864 2040 aliique
914 1993 1030 2026 cum
1069 1977 1334 2040 Victualis,
1399 1978 1486 2026 Osi
1525 1979 1664 2026 Bessi
1716 1976 1934 2026 Saboces

349 2077 370 2112 5
404 2068 646 2118 Roxalani
686 2070 956 2118 Basternae
995 2068 1143 2118 Alani
1176 2070 1380 2118 Peucini
1420 2068 1698 2117 Costoboci.
1778 2070 1931 2117 inmi-

405 2160 559 2209 nebat
597 2169 646 2210 et
684 2162 967 2210 Parthicum
1015 2161 1207 2209 bellum
1247 2170 1298 2211 et
1334 2162 1695 2211 Britannicum.
1750 2177 1931 2225 magno

404 2253 555 2317 igitur
584 2253 755 2302 labore
796 2255 946 2302 etiam
974 2269 1065 2302 suo
1105 2261 1282 2317 gentes
1321 2255 1626 2318 asperrimas
1664 2254 1799 2315 vicit,
1834 2254 1932 2300 mi-

404 2345 576 2394 litibus
617 2361 728 2394 sese
780 2345 1124 2409 imitantibus,
1173 2345 1479 2395 ducentibus
1538 2347 1689 2395 etiam
1739 2346 1935 2394 exerci—

406 2445 509 2486 tum
549 2438 724 2503 legatis
781 2447 830 2487 et
865 2438 1136 2503 praefectis
1173 2440 1442 2503 praetorio.
1534 2439 1827 2502 accepitque
1880 2439 1931 2485 in

519 2630 582 2676 221,
624 2632 687 2667 44.
726 2631 928 2669 auctione

516 2702 580 2747 22,
621 2703 657 2738 3.
695 2702 821 2749 sueni
1017 2703 1052 2739 4.
1091 2700 1217 2739 burci
1300 2700 1342 2738 hi
1380 2699 1543 2750 aliique
1576 2701 1857 2739 Mommsenus
1889 2701 1931 2738 in

401 2770 675 2822 Vandalique
709 2775 897 2820 mutavit,
934 2773 1025 2812 vide
1050 2777 1188 2812 tamen
1210 2771 1390 2810 Hermae
1412 2775 1436 2810 t.
1466 2773 1505 2818 2,
1533 2773 1627 2809 348.
1722 2771 1930 2810 uictuua-

403 2842 454 2881 lis
476 2842 522 2881 B.
619 2841 788 2881 sosibes
821 2842 1040 2882 sicobotes
1246 2846 1283 2881 5.
1321 2842 1464 2880 halani
1543 2842 1712 2893 peutini
1738 2842 1785 2880 B.

404 2917 440 2952 6.
478 2914 763 2953 brittanicum
802 2915 845 2952 B.
