2048 3275
360 243 456 291 148
856 257 916 290 DE
958 229 1134 290 BELLo'
1156 256 1386 289 scrrfflco

311 429 314 433 ·
355 397 618 463 Augustus
657 397 722 446 ab
762 399 992 446 exercitu
1032 397 1319 461 appellatus
1358 403 1435 446 est·
1473 412 1588 446 cum
1628 395 1728 444 filio
1769 395 1895 446 sibi-

356 499 459 540 met
497 491 549 538 in
585 490 941 555 participatum
980 489 1112 538 dato,

262 588 325 632 13
360 622 368 631 .
411 621 419 629 .
457 621 465 630 .
508 589 687 646 pacata
727 582 999 638 Germania
1038 582 1283 630 Sirmium
1321 581 1480 643 venit,
1529 581 1773 629 Sarmatis
1812 581 1894 628 in—

353 675 485 723 ferre
524 674 720 723 bellum
758 690 947 739 parans
985 682 1136 738 atque
1176 675 1345 723 animo
1383 674 1692 737 concupiens
1730 687 1894 736 usque

355 766 420 816 ad
467 767 728 815 Oceanum
769 766 1193 831 septentrionales
1231 772 1402 830 partes
1427 766 1480 813 in
1508 765 1788 813 Romanam
1815 762 1896 812 di-

356 860 555 907 cionem
594 858 857 923 redigere3
906 857 1046 923 quod
1084 858 1285 907 fecisset
1323 859 1365 906 si
1404 859 1643 920 vixisset,
1700 863 1757 905 ut
1795 857 1897 904 He-

299 964 322 1001 5
355 950 599 1000 rodianus
648 950 770 999 dicit
821 951 1046 1000 Graecus
1098 951 1337 1015 scriptor,
1401 950 1488 1013 qui
1541 950 1588 998 ei
1644 956 1894 1012 quantum

357 1043 593 1092 videmus
633 1045 686 1091 in
725 1042 898 1092 odium
940 1041 1222 1092 Alexandri
1260 1042 1543 1107 plurimum
1581 1040 1721 1090 favit.
1804 1040 1896 1090 sed

355 1151 471 1185 cum
511 1137 725 1184 Romani
765 1136 876 1184 eius
916 1134 1271 1184 crudelitatem
1327 1133 1459 1183 ferre
1510 1149 1614 1182 non
1662 1140 1887 1198 possent,

353 1257 424 1264 —
461 1236 633 1277 contra
674 1244 791 1277 eum
832 1226 1171 1276 defectionem
1209 1234 1471 1291 pararunt.

631 1397 708 1436 EX
740 1397 985 1436 EIVSDEM
1017 1397 1234 1437 MAXIMO
1267 1397 1336 1436 ET
1367 1396 1616 1436 BALBINO.

259 1499 323 1544 16
355 1497 454 1545 suh
517 1497 595 1545 his
658 1503 942 1561 pugnatum
1000 1504 1074 1545 est
1137 1512 1163 1545 a
1222 1495 1399 1560 Carpis
1450 1503 1623 1545 contra
1679 1496 1890 1543 Moesos.

353 1588 447 1638 fuit
486 1596 534 1637 et
573 1589 795 1652 Scythici
845 1587 967 1636 belli
1018 1588 1346 1652 principium.
1448 1587 1542 1637 fuit
1594 1595 1641 1636 et
1682 1587 1895 1635 Histriae

354 1680 610 1730 excidium
641 1697 698 1729 eo
724 1688 970 1744 tempore,
1005 1688 1062 1729 ut
1088 1688 1259 1730 autem
1281 1681 1545 1745 Dexippus
1572 1679 1693 1729 dicit
1715 1680 1896 1729 Histri-

353 1789 439 1823 cae
493 1774 729 1822 civitatis.

917 1928 995 1968 EX
1027 1928 1330 1968 GALLIENIS.

260 2031 323 2075 13
462 2029 747 2091 Gallienus,
807 2027 897 2077 ubi
959 2029 1006 2077 ei
1055 2029 1344 2077 nuntiatum
1406 2027 1698 2077 Odenatum
1736 2028 1896 2076 inter-

355 2129 601 2186 emptum,
653 2119 846 2169 bellum
887 2122 1052 2169 Persis
1097 2120 1161 2169 ad
1210 2135 1376 2169 seram
1425 2122 1579 2170 nimis
1620 2118 1894 2169 vindictam

352 2211 511 2274 patris
550 2210 747 2274 paravit
787 2213 1116 2276 collectisque
1158 2228 1252 2276 per
1303 2213 1656 2262 Heraclianum
1711 2212 1894 2261 ducem

353 2302 599 2352 militibus
639 2304 854 2353 sollertis
892 2305 1139 2369 principis
1176 2320 1286 2352 rem
1320 2305 1547 2370 gerebat.
1608 2306 1697 2368 qui
1723 2311 1895 2352 tamen

299 2406 321 2442 5
355 2395 702 2459 Heraclianus,
751 2412 868 2445 cum
907 2404 1078 2445 contra
1120 2398 1297 2446 Persas
1334 2396 1589 2460 profectus
1645 2402 1811 2455 esset7
1865 2412 1892 2444 a

470 2562 507 2604 S,
548 2562 585 2596 4.
622 2559 884 2609 participato
906 2559 953 2598 B.

472 2631 537 2675 ⁴3,
575 2631 614 2667 5.
650 2629 796 2668 histor.
861 2633 904 2677 7,
945 2632 967 2667 2
1000 2626 1164 2684 ἠπείλει
1194 2627 1295 2685 γὰρ,
1349 2628 1419 2669 καὶ
1459 2628 1647 2683 ποιήσειν
1701 2626 1889 2681 ἔμελλεν,

355 2695 547 2752 ἐκκόψειν
590 2712 634 2737 τε
665 2698 736 2739 καὶ
770 2696 986 2746 ὑποτάξειν
1027 2698 1079 2740 τὰ
1122 2698 1269 2757 μέχρις
1302 2698 1490 2740 ὠκεανοῦ
1522 2696 1746 2755 Γερμανῶν
1789 2695 1892 2752 ἔθνη

356 2766 559 2824 βάρβαρα.
732 2773 769 2808 7.
805 2773 956 2821 posset
981 2771 1028 2809 B.

472 2843 538 2887 46,
579 2844 615 2879 4.
652 2851 805 2880 moeso
828 2842 873 2880 P.
997 2845 1037 2880 2.
1076 2842 1231 2892 scytici

473 2914 536 2959 43,
577 2914 613 2949 4.
654 2911 866 2962 gallienos
1045 2915 1083 2951 3.
1119 2914 1267 2963 patres
1289 2912 1338 2959 B,
1374 2912 1488 2962 patri
1511 2913 1555 2958 P,
1591 2921 1692 2950 corr
1712 2908 1775 2949 ΡΞ.

356 2980 649 3021 heradianum
676 2983 722 3021 B.
905 2985 945 3022 5.
982 2982 1253 3021 heradianus
1276 2983 1324 3022 B.
