2048 3275
667 254 691 287 ε
723 253 867 286 eumn
910 253 1049 286 uano
1081 254 1144 286 iv.
1607 236 1673 288 89

135 408 218 443 ora
259 402 392 442 tanta
433 403 550 443 sunt
593 403 642 443 ut
683 394 929 459 prodatur
980 396 1028 443 in
1072 388 1128 441 in,
1169 409 1412 458 passuum
1455 395 1674 459 longitu-

136 486 270 536 ‹linis
312 488 442 535 vinci
486 503 623 534 mare
664 487 973 551 dulcemque
1015 486 1236 550 intellegi
1281 487 1533 535 baustum.

164 580 226 628 25
291 579 356 628 ab
407 596 466 627 eo
507 581 556 628 in
616 580 828 644 plenum
871 579 1083 644 quidem
1137 595 1315 627 omnes
1364 580 1667 644 Scytharum
1703 586 1757 622 *υ

136 681 254 721 sunt
291 680 492 736 gentes.
539 674 709 721 variae
764 681 933 720 tamen
975 672 1102 720 litori
1155 673 1382 736 apposita
1435 681 1663 724 tenuere.

135 765 257 813 alias
306 766 489 816 Getae.
555 765 670 813 Daci
720 765 959 813 Romanis
1010 764 1155 826 dicti,
1212 765 1336 813 alias
1387 765 1664 816 Sarmatae,

134 859 337 906 Graecis
376 860 720 918 Sauromatae,
757 873 1038 922 eorumque
1068 856 1363 906 llamaxobii
1392 865 1477 906 aut
1505 857 1664 918 Aorsi.

135 951 258 1000 alias
299 950 518 1014 Scythae
558 949 843 1015 degeneres
883 959 929 999 vt
969 968 995 999 a
1036 951 1200 1000 servis
1238 951 1330 999 orti
1371 958 1457 999 aut
1483 951 1671 1013 Trogo-
1707 963 1728 995 r,

136 1043 310 1109 tlytae.
372 1059 487 1092 mox
541 1044 686 1092 Alani
729 1051 774 1091 et
815 1044 1115 1092 Rhoxolani.
1196 1044 1459 1108 superiora
1502 1051 1670 1092 autem

138 1138 267 1185 inter
317 1138 608 1186 Danuvium
660 1146 707 1185 et
769 1138 1080 1200 Hercynium
1143 1136 1326 1185 saltum
1381 1152 1545 1200 usque
1607 1135 1671 1184 ad

136 1230 418 1278 Pannonica
460 1229 673 1279 hiberna
715 1237 763 1278 et
802 1229 1046 1278 Carnunti
1088 1230 1562 1293 Germanorumque
1604 1228 1671 1276 ibi

132 1322 407 1371 confinium
448 1338 655 1387 campos
694 1330 744 1371 et
781 1322 930 1387 plana
974 1323 1176 1385 lazyges
1214 1324 1490 1381 Sarmatae,
1527 1337 1674 1370 mon-

134 1422 208 1463 tes
249 1431 366 1463 vero
406 1423 454 1464 et
493 1416 652 1465 saltus
691 1415 825 1480 pulsi
865 1415 931 1464 ab
980 1415 1057 1463 his
1103 1415 1220 1463 Daci
1274 1414 1339 1464 ad
1391 1415 1671 1464 Pathissum

132 1524 355 1558 amnem.
440 1525 466 1557 a
506 1510 656 1567 Maro,
702 1510 811 1558 sive
837 1509 990 1557 Duria
1032 1517 1108 1557 est
1145 1524 1170 1556 a
1200 1507 1386 1558 Suebis
1413 1523 1673 1573 regnoque
1708 1517 1753 1556 St

134 1602 399 1651 Vanniano
461 1600 709 1651 dirimens
760 1619 871 1658 eos,
939 1617 1118 1650 aversa
1177 1602 1448 1650 Basternae
1498 1607 1675 1648 tenent

133 1695 322 1760 aliique
364 1693 483 1743 inde
524 1695 784 1744 Germani.
843 1695 1065 1760 Agrippa
1108 1702 1264 1744 toturn
1306 1710 1423 1743 eum
1458 1701 1671 1742 tractum

134 1788 198 1836 al)
251 1788 412 1837 Histro
464 1786 528 1836 ad
582 1788 842 1837 Oceanum
896 1787 973 1836 bis
1013 1786 1075 1836 ad
1116 1786 1286 1836 decies
1329 1794 1533 1836 centum
1577 1787 1672 1834 rni-

134 1882 255 1930 lium
309 1896 555 1946 passuum
609 1881 658 1929 in
709 1879 1106 1946 longitudinem,
1165 1887 1405 1944 quattuor
1464 1878 1672 1927 milibus
1707 1892 1728 1924 :3

131 1973 520 2039 quadringentis
561 1974 610 2021 in
665 1972 985 2023 latitudinem
1026 1972 1089 2022 ad
1131 1973 1322 2022 flumen
1364 1973 1589 2022 Vistilam
1646 1988 1670 2019 a

132 2067 348 2117 desertis
386 2068 667 2116 Sarmatiae
709 2066 948 2132 prodidit.
1015 2066 1318 2130 Scytharum
1357 2081 1543 2114 nomen
1584 2080 1673 2114 us-

134 2176 445 2226 quequaque
498 2161 677 2208 transit
737 2160 785 2208 in
840 2161 1097 2209 Sarmatas
1157 2167 1310 2224 atque
1369 2159 1664 2218 Germanos.

135 2270 227 2303 nec
267 2254 378 2302 aliis
408 2253 569 2317 prisca
611 2252 693 2301 illa
735 2251 936 2302 duravit
977 2252 1244 2317 appellatio
1275 2267 1427 2315 quam
1457 2251 1544 2315 qui
1580 2267 1673 2299 ex-

251 2435 317 2476 80,
353 2435 393 2470 ἰ.
432 2431 548 2470 litori
576 2431 646 2478 Fd,
693 2430 865 2471 litoriae
894 2431 942 2477 D,
980 2431 1150 2470 litorim·
1173 2430 1240 2472 13¹.
1288 2431 1402 2469 litori
1426 2430 1480 2470 ad
1506 2427 1570 2475 152,
1619 2429 1673 2468 li-

136 2508 255 2542 torae
280 2503 344 2549 ⁸¹,
382 2502 507 2541 litora
534 2499 597 2541 1³².
806 2504 844 2540 6.
883 2508 923 2541 et
950 2502 1199 2542 tliroxolani
1231 2500 1343 2543 032.
1379 2506 1420 2539 et
1457 2501 1670 2539 trmolani

137 2574 231 2622 E¹F,
272 2578 313 2613 et
348 2573 594 2612 throxalani
631 2573 674 2613 R.
855 2576 894 2612 7.
934 2574 1184 2623 hyrcinium
1221 2574 1270 2615 D.
1314 2572 1553 2612 hir-oinium
1589 2572 1670 2617 EF,

135 2645 406 2686 birchinium
432 2645 476 2684 R.
629 2647 697 2689 St,
724 2646 763 2683 2.
799 2654 954 2683 auersa
977 2645 1179 2695 sinimus,
1205 2644 1360 2683 abersa
1386 2642 1484 2690 ΕΖΓ,
1511 2642 1671 2684 auerba

132 2729 164 2755 ,ιτ
190 2718 360 2768 (reliqui
385 2748 392 2755 .
488 2715 737 2755 basternaei
762 2717 819 2756 Rd
845 2721 883 2757 et
904 2716 966 2754 x?
1157 2721 1194 2755 3.
1231 2718 1420 2767 Ayrt'ppa
1444 2726 1478 2755 c.
1508 2718 1545 2754 8.

135 2792 172 2827 ¹0.
209 2788 277 2827 bis
299 2788 450 2827 decies
481 2787 723 2827 Martianus
745 2791 785 2833 6,
812 2789 908 2833 663,
955 2787 1148 2828 Dicua'lus
1175 2792 1211 2828 t.
1238 2790 1277 2831 7,
1306 2792 1327 2827 3
1359 2791 1411 2836 (t,
1442 2789 1525 2825 ⁴7:

135 2863 172 2898 5.
209 2861 419 2910 quattuor
440 2869 507 2898 om
529 2859 781 2898 Martianus.
847 2869 995 2899 ivcccc
1019 2858 1200 2897 milibus
1233 2859 1323 2899 Dic.
1476 2861 1514 2898 6.
1541 2859 1670 2897 uistia

136 2930 263 2974 ΒΕΓ,
308 2930 485 2981 uistigia
513 2929 569 2971 E.
614 2929 775 2969 hiustia
801 2930 892 2977 Dic,
936 2930 1104 2969 N'istula
1137 2931 1342 2981 Agrippa.
1389 2928 1496 2978 cons.
1524 2932 1592 2976 97,
1633 2933 1667 2968 t.

136 3005 229 3045 too.
257 3006 291 3040 t.
384 3014 406 3041 a
431 3001 619 3040 desertis
643 2998 693 3039 p.»
715 3001 808 3041 Dic.
844 3001 1032 3042 adsertis
1056 3001 1194 3042 [185¹.
1229 3002 1427 3041 aduestis
1452 3001 1495 3040 R.
