2048 3275
715 205 979 239 unnmxu.
1560 192 1624 238 45

83 351 129 399 hi
185 358 353 399 tamen
411 349 542 397 inter
590 347 872 396 Germanos
922 347 1088 411 potius
1148 346 1441 396 reseruntur
1508 347 1626 411 quia

81 452 124 491 et
167 441 344 491 domos
382 441 543 506 figunt
581 447 631 488 et
669 447 809 489 scuta
850 447 1051 503 gestant
1089 447 1138 487 et
1176 438 1367 503 pedum
1424 456 1518 488 usu
1571 457 1629 488 ae

79 535 379 601 pernicitate
420 531 674 597 gaudent:
729 548 860 596 quae
911 532 1078 580 omnia
1139 530 1340 580 diversa
1384 533 1629 580 Sarnmtis

83 635 201 676 sunt
241 628 291 675 in
333 626 559 690 plaustro
599 640 836 688 equoque
876 623 1193 673 viventibus.
1276 625 1461 673 Fennis
1503 626 1626 673 mira

83 720 284 781 feritas,
351 717 495 767 foeda
554 725 855 783 paupertas:
921 732 1020 766 non
1080 732 1245 779 arma,
1325 733 1423 765 non
1484 718 1620 781 equi,

85 829 183 861 non
225 819 464 877 penates:
535 810 688 859 victui
738 808 913 871 herba,
969 810 1172 858 vestitui
1221 809 1404 873 pelles,
1439 809 1626 859 cubile

84 906 298 954 liumus:
356 904 490 953 solae
545 904 594 951 in
653 903 845 967 sagittis
897 919 1047 967 spes,
1109 919 1236 966 quas
1288 903 1455 967 inopia
1511 903 1626 951 ferri

83 997 284 1047 ossibus
333 1004 589 1061 asperant.
683 994 924 1059 idemque
985 1003 1199 1044 venatus
1250 996 1385 1044 viros
1439 997 1630 1061 pariter

83 1107 138 1138 ac
178 1090 394 1139 seminas
433 1089 546 1139 alit:
592 1090 782 1154 passim
820 1089 955 1136 enim
991 1089 1295 1137 comitantur
1324 1097 1625 1153 partemque

85 1181 307 1247 praedae
347 1190 543 1246 petunt.
628 1197 720 1230 nee
760 1180 898 1230 aliud
943 1180 1224 1229 infantibus
1265 1180 1486 1230 serarum
1530 1183 1628 1230 im-

83 1276 354 1339 briumque
405 1276 681 1339 sutl'ugium
733 1290 887 1338 quam
940 1282 991 1323 ut
1046 1275 1094 1322 in
1147 1274 1318 1337 aliquo
1368 1290 1625 1323 ramorum

83 1384 220 1418 nexu
260 1376 610 1433 contegantur.
696 1367 794 1416 hue
845 1366 1063 1416 redeunt
1122 1367 1364 1427 iuvenes,
1412 1367 1503 1416 hoc
1542 1383 1626 1416 se-

83 1477 205 1509 num
246 1461 642 1525 receptaculum.
723 1459 816 1509 sed
855 1459 1057 1509 beatius
1106 1459 1420 1509 arbitrantur
1470 1477 1623 1524 quam

84 1555 342 1618 ingemere
381 1554 537 1618 agriS,
595 1552 882 1602 inlaborare
929 1552 1196 1615 (lomibUS,
1243 1568 1363 1602 suas
1402 1553 1625 1602 alienas-

81 1663 180 1711 que
203 1646 430 1695 fortunas
469 1663 560 1711 spe
590 1655 834 1711 metuque
875 1661 1098 1695 versare.
1169 1647 1335 1695 securi
1372 1645 1622 1695 adversus

83 1740 328 1800 homines,
363 1741 530 1788 securi
559 1738 810 1788 adversus
831 1738 972 1793 deos,
1009 1754 1116 1787 rem
1141 1737 1495 1787 difficillimam
1538 1755 1623 1787 as-

83 1833 241 1881 secuti
280 1840 415 1893 sunt,
450 1840 503 1903 ut
532 1832 630 1881 illis
670 1849 734 1881 ne
775 1841 888 1881 voto
916 1831 1126 1896 quidem
1157 1848 1285 1897 opus
1326 1841 1478 1881 esset.
1536 1850 1623 1881 ce-

82 1934 186 1974 tera
217 1926 315 1974 iam
345 1924 605 1974 sabulosa:
643 1925 894 1974 Hellusios
917 1934 965 1973 et
990 1925 1214 1974 Oxionas
1242 1941 1325 1973 ora
1358 1926 1620 1975 hominum

200 2221 264 2256 to.
300 2215 498 2258 referunt
523 2230 558 2259 c.
730 2223 794 2257 tt.
834 2220 970 2267 figunt
1001 2220 1071 2262 Bb.
1118 2220 1288 2266 fingunt
1313 2232 1346 2258 c.
1456 2220 1622 2271 pedum

84 2291 261 2340 Lipsius,
298 2290 522 2341 pecudum
550 2290 620 2337 Bb,
657 2301 756 2330 corr
786 2291 985 2342 peditum
1012 2289 1060 2345 β,
1103 2292 1303 2344 peditum
1328 2304 1361 2330 c.

86 2393 150 2428 43.
189 2366 313 2429 Ρδῇἰε
341 2390 381 2435 C,
421 2390 594 2428 rmnnis
627 2402 661 2429 c.
830 2393 895 2429 ⁴4.
935 2390 1028 2430 seda
1067 2392 1112 2430 B.
1283 2395 1348 2429 45.
1384 2390 1549 2430 cubille
1579 2392 1618 2431 C.

203 2464 265 2499 16.
302 2471 403 2512 spes
422 2462 530 2505 libri,
566 2473 672 2513 opes
697 2464 904 2502 Maiserus
1099 2467 1158 2500 ¹8.
1196 2463 1436 2501 comitatur
1463 2463 1502 2501 Γ.

86 2536 150 2572 49.
189 2532 540 2583 hymbriumque
569 2534 647 2573 Bt‘.
801 2537 867 2572 24.
905 2534 1051 2572 securi
1078 2555 1126 2562 —
1151 2535 1342 2572 assecuti
1371 2537 1410 2572 m
1434 2531 1619 2587 Ιίτιιναβ.

197 2608 265 2643 25.
303 2603 609 2643 difficillimam
630 2604 694 2644 Cc.
723 2604 949 2643 ‹listicilem
971 2605 1040 2643 Bb.
1194 2608 1260 2643 26.
1289 2609 1390 2643 sunt
1411 2617 1477 2644 om
1494 2603 1558 2658 ὸβ.

189 2670 197 2700 l
217 2674 337 2699 etionas

84 2707 150 2743 Ξῖ.
187 2705 368 2743 miones
394 2705 440 2746 Β,
476 2705 654 2743 minuas
680 2705 738 2744 bc,
775 2706 785 2743 l
822 2705 992 2742 etionas
1021 2715 1156 2754 supro
1181 2702 1218 2756 β,
1255 2706 1433 2743 enonas
1462 2706 1501 2744 C.

1665 358 1716 391 40

1665 821 1715 855 45
