2048 3275
538 200 595 234 ue
639 199 788 234 nuto
830 201 1229 234 manuninum).
1562 189 1645 236 14¹

129 340 410 390 Parthicum
453 356 573 389 vero
624 340 815 390 bellum
867 352 1046 391 senatu
1098 344 1445 391 consentiente
1497 344 1656 391 Verus
1693 359 1738 394 io

126 433 278 482 l'rater
315 441 391 483 est
430 435 633 482 missus.
720 436 827 499 ipse
867 435 1072 483 Romam
1104 436 1361 496 remansit,
1409 435 1545 499 quod
1575 452 1654 483 res

126 524 353 575 urbanae
396 527 712 591 imperatoris
739 528 1080 591 praesentiam
1122 528 1453 591 postularent.

229 617 351 667 dum
393 618 677 667 Parthicum
719 618 910 668 bellum
951 620 1157 684 geritur,
1207 627 1379 668 natum
1421 628 1493 668 est
1522 622 1652 668 Mar-
1688 625 1747 669 12

122 711 504 771 comannicum,
559 710 697 776 quod
756 711 844 761 diu
895 727 1069 759 eorum
1134 713 1221 775 qui
1281 711 1487 760 aderant
1549 722 1652 760 arte

120 818 429 867 suspensum
481 812 584 856 est,
642 812 693 853 ut
749 804 887 853 linito
929 805 1025 852 iam
1083 804 1309 853 orientali
1352 804 1483 853 bello
1524 807 1653 852 Mar-

119 897 472 944 comannicum
523 897 599 961 agi
652 905 839 962 posset.
931 905 977 945 et
1029 913 1144 946 cum
1213 897 1360 946 samis
1423 905 1650 961 tempore

119 987 304 1052 populo
345 989 653 1037 insinuasset
691 988 755 1038 (le
796 989 955 1048 bello,
1016 989 1165 1037 fratre
1205 998 1314 1054 post
1355 991 1651 1054 quinquen-
1684 1005 1705 1038 5

118 1081 260 1129 nium
315 1095 520 1130 reverso
578 1083 628 1129 in
692 1090 873 1131 senatu
917 1083 1041 1143 egit,
1100 1081 1275 1131 ambos
1338 1085 1651 1132 necessarios

117 1171 293 1222 dicens
334 1173 468 1222 bello
509 1174 809 1222 Germanico
851 1175 1199 1239 imperatores.
1270 1183 1439 1224 tantus
1478 1184 1645 1224 autem
1684 1184 1741 1228 13

116 1266 264 1314 timor
301 1265 421 1314 belli
464 1267 851 1315 Marcomannici
883 1266 969 1315 suit
1013 1275 1065 1315 ut
1105 1266 1334 1331 undique
1363 1268 1651 1317 sacerdotes

115 1359 401 1408 Antoninus
431 1360 684 1422 acciverit,
730 1361 1028 1424 peregrinos
1065 1361 1189 1409 ritus
1216 1360 1518 1424 impleverit,
1551 1361 1650 1409 Ro-

115 1467 246 1500 mam
288 1453 426 1500 omni
467 1467 654 1517 genere.
696 1452 986 1501 lustraverit
1039 1452 1426 1516 retardatusque
1468 1453 1646 1502 bellica

112 1543 420 1608 profectione
472 1546 551 1593 sit.
641 1544 917 1594 celebravit
966 1553 1013 1593 et
1078 1546 1298 1594 Romano
1356 1548 1452 1594 ritu
1505 1547 1647 1594 lecti-
1681 1563 1701 1596 5

111 1638 296 1686 sternia
337 1652 432 1702 per
481 1645 676 1700 septem
729 1637 857 1685 dies.
949 1646 1083 1686 tanta
1135 1648 1303 1688 autem
1356 1639 1642 1703 pestilentia

112 1728 201 1778 suit
252 1738 304 1778 ut
346 1729 595 1778 vehiculis
635 1729 886 1778 cadavera
939 1732 1037 1779 sint
1090 1739 1347 1796 exportata
1402 1733 1645 1781 serracis-

110 1837 346 1885 que...
404 1830 453 1870 et,
503 1822 657 1871 multa
705 1821 915 1887 quidem
974 1823 1109 1871 milia
1173 1825 1459 1888 pestilentia
1522 1841 1644 1873 con-

109 1916 328 1979 sumpsit
371 1915 660 1979 multosque
702 1931 764 1963 ex
814 1915 1113 1980 proceribus
1147 1955 1155 1963 .
1194 1955 1202 1963 .
1241 1956 1249 1964 .
1305 1918 1511 1981 profecti
1565 1926 1642 1966 ta-
1676 1929 1736 1973 14

111 2022 227 2056 men
268 2015 386 2057 sunt
428 2007 654 2073 paludati
696 2008 844 2057 ambo
886 2009 1243 2072 imperatores,
1299 2018 1344 2058 et
1402 2010 1642 2059 Victualis

108 2109 154 2148 et
194 2101 563 2150 Marcomannis
591 2110 768 2151 cuncta
798 2101 1140 2165 turbantibus,
1187 2103 1297 2151 aliis
1324 2104 1475 2151 etiam
1516 2119 1642 2165 gen-

108 2192 244 2242 tibus
284 2209 416 2258 quae
455 2194 632 2257 pulsae
673 2211 699 2243 a
740 2194 1091 2259 superioribus
1136 2195 1368 2243 barbaris
1408 2195 1640 2261 fugerant

107 2286 201 2334 nisi
245 2287 593 2351 reciperentur
631 2286 822 2335 bellum
873 2287 1229 2336 inserentibus.
1326 2305 1418 2337 nec
1460 2305 1639 2354 parum
1676 2309 1696 2343 5

107 2377 293 2442 profuit
332 2380 423 2428 ista
463 2378 703 2444 profectio
753 2397 869 2430 cum
910 2381 1193 2445 Aquileiam
1250 2397 1413 2445 usque
1466 2385 1641 2431 venis-

106 2478 236 2519 sent.
304 2487 422 2520 nam
475 2472 709 2536 plerique
762 2488 906 2537 reges
945 2481 991 2521 ct
1031 2489 1145 2522 cum
1187 2475 1389 2539 populis
1427 2475 1534 2523 suis
1584 2492 1639 2523 se

107 2570 433 2613 retraxerunt
508 2572 552 2613 et
631 2565 878 2614 tumultus
953 2573 1184 2615 auctores
1248 2569 1634 2616 interemerunt.

106 2655 273 2716 Quadi
311 2664 484 2706 autom
525 2658 710 2706 amisso
751 2674 865 2723 rege
906 2675 997 2708 suo
1027 2676 1125 2708 non
1166 2660 1308 2724 prius
1348 2676 1400 2709 se
1453 2660 1638 2710 confir-

222 2801 287 2842 43,
322 2802 362 2838 2.
401 2797 480 2839 suit
506 2797 567 2845 1²2,
595 2811 661 2839 om
683 2813 729 2840 ω.
924 2805 959 2840 3.
997 2803 1256 2854 peregrinus
1283 2803 1328 2843 Β.
1509 2804 1546 2841 δ’.
1574 2804 1634 2842 sic

105 2867 147 2908 P.
300 2872 364 2918 ⁴4,
407 2874 442 2909 t.
479 2871 655 2910 tandem
685 2871 966 2913 casaubonus.
1090 2877 1127 2912 2.
1164 2878 1203 2912 et
1224 2876 1371 2924 priore
1395 2875 1482 2914 loco
1505 2886 1568 2914 om
1587 2876 1629 2914 Ρ.

218 2943 255 2978 9.
298 2942 427 2980 amici
