2048 3275
281 1383 329 1418 40

215 1797 332 1846 p.42

361 201 459 251 160
780 213 898 246 IVLII
937 212 1145 246 non-onst
1182 212 1448 245 EXCERPTA.

462 355 709 404 Oceani
773 351 1221 402 occidentalis
1292 351 1646 401 fluminum
1710 357 1893 399 ortus

353 456 414 497 et
452 462 738 497 occasus,
784 474 845 481 -
1423 438 1433 444 “

462 540 674 589 Fluvius
737 536 1014 587 Rhodanus
1076 537 1302 585 nascitur
1329 535 1414 583 ·in
1472 533 1641 583 medio
1692 548 1887 597 campo,

359 633 576 682 occurrit
626 632 672 680 ei
712 630 945 679 Vicornis
995 645 1059 694 ap
1099 627 1373 677 Batabione
1414 628 1663 689 veniens⁷
1723 625 1895 676 relicta

356 724 518 775 cauda
559 732 698 773 ortus
737 723 833 772 sui.
914 720 1192 770 Rhodanus
1231 719 1398 782 simul,
1463 719 1557 767 hoc
1595 725 1686 781 est,
1732 735 1893 769 unum

357 817 600 866 facientes
664 817 717 864 in
780 829 919 863 mare
983 813 1207 862 mittunt.
1313 818 1578 876 egerentes
1640 809 1897 860 Arelatem

309 922 324 931 ⁹
362 915 651 983 niergunt.'
708 905 801 957 sed
852 907 935 955 hic
985 920 1141 969 quem
1192 905 1462 953 Vicornem
1515 902 1741 952 diximus
1782 912 1897 952 ante

359 1001 767 1050 coniunctionem
816 996 1049 1046 Rhodani
1101 997 1183 1045 vel
1236 996 1648 1045 commixtionem
1704 996 1758 1044 in
1809 1011 1899 1045 su-

359 1094 534 1158 pernis
574 1107 763 1141 nomen
815 1089 956 1140 aliud
994 1090 1208 1153 accepit.
1287 1095 1459 1154 preter
1496 1089 1765 1137 Vicornem
1806 1105 1899 1154 ap-

366 1185 587 1250 pellatur
612 1184 839 1232 Rhenus.
922 1183 989 1231 ita
1019 1198 1136 1246 ergo
1187 1180 1242 1230 fit
1294 1188 1349 1230 ut
1387 1180 1469 1229 hic
1506 1179 1698 1230 fluvius
1738 1181 1901 1231 trihus

361 1277 658 1326 nominibus
697 1282 1041 1339 nuncupetur,
1089 1289 1205 1323 cum
1234 1275 1299 1322 sit
1346 1289 1483 1322 unus
1535 1279 1584 1321 et
1633 1272 1896 1322 dimidius.

364 1369 505 1420 ducit
542 1376 712 1418 autem
740 1384 767 1417 a
808 1368 934 1416 mari
973 1366 1259 1416 Patavionis
1284 1381 1450 1429 usque
1492 1363 1557 1414 ad
1595 1380 1735 1414 mare
1775 1367 1902 1430 Tyr-

363 1477 548 1511 renum
587 1468 761 1510 contra
801 1459 995 1508 insulas
1034 1458 1287 1508 Baleares.
1369 1459 1480 1507 eius
1507 1464 1677 1506 autem
1707 1456 1903 1506 medie—

362 1563 439 1604 tas
478 1569 579 1618 qua
619 1553 776 1601 inruit
826 1550 981 1600 habet-
1029 1550 1291 1614 aquileurn
1341 1556 1720 1613 pertortuosum
1768 1553 1902 1615 Lug-

364 1646 580 1709 dunum,
627 1644 716 1694 ubi
758 1652 804 1692 et
844 1644 1089 1693 nascitur.
1125 1671 1186 1677 —

470 1738 681 1787 Fluvius
720 1737 922 1786 Vicorni
962 1737 1165 1785 iunctus
1204 1735 1431 1784 nascitur
1470 1734 1522 1782 in
1550 1735 1742 1799 campis
1777 1734 1906 1783 Ger-

367 1832 583 1880 maniae.
665 1829 945 1878 inlustrans
997 1843 1236 1892 campum
1284 1825 1451 1876 influit
1500 1824 1565 1875 ad
1615 1827 1898 1876 Vatavium.

481 2020 525 2057 et
546 2027 755 2068 egressus
777 2027 817 2064 α,
844 2026 924 2066 quo
944 2026 1029 2055 uno
1047 2019 1223 2065 praeter
1246 2012 1268 2068 β
1290 2017 1334 2055 in
1351 2016 1565 2064 proximis
1585 2017 1647 2054 uti
1669 2014 1772 2053 mihi
1795 2015 1910 2054 licuit

367 2091 421 2130 ad
441 2089 689 2141 refinyenda
710 2086 799 2137 fere
822 2099 869 2127 ea
888 2098 994 2137 quae
1016 2089 1059 2127 in
1077 2087 1308 2136 archetypo
1330 2086 1365 2124 B
1389 2086 1648 2136 leqebantur.
1792 2088 1829 2123 4.
1865 2087 1910 2124 in

368 2171 523 2212 campo
548 2159 803 2199 Galliarum.
956 2161 994 2196 2.
1030 2157 1262 2197 Bicornius
1285 2157 1453 2196 fluvius
1476 2168 1500 2195 a
1518 2157 1756 2196 Petavione

370 2236 407 2271 3.
446 2232 514 2270 sui
537 2230 658 2282 quod
674 2230 822 2269 Araris
841 2230 1136 2280 nuncupatur.
1277 2229 1316 2266 4.
1343 2227 1570 2266 Arelatum
1725 2230 1763 2267 5.
1789 2228 1910 2267 hunc

370 2313 505 2353 quem
537 2302 793 2340 Bicornium
941 2302 979 2338 6.
1014 2299 1083 2337 vel
1108 2299 1468 2338 coniunctionem
1490 2298 1554 2339 A?
1685 2301 1723 2336 7.
1760 2298 1911 2338 Bicor-

370 2374 511 2413 nium.
547 2373 620 2411 hic
641 2372 890 2419 Bicornius‚
926 2370 999 2409 hic
1020 2369 1184 2417 Renus‚
1220 2369 1294 2407 hic
1310 2369 1457 2408 Araris
1476 2367 1738 2420 appellatur,
1764 2368 1911 2407 Renus

366 2456 446 2495 per
476 2444 749 2496 provinciam
779 2442 1076 2481 Germaniam.
1256 2443 1295 2478 9.
1332 2439 1546 2478 dimidius
1579 2440 1653 2489 qui
1684 2439 1831 2479 Araris
1867 2443 1910 2478 ut

372 2527 502 2568 supra
520 2516 713 2555 diximus
736 2513 1031 2564 nuncupatur.
1165 2514 1231 2549 40.
1268 2510 1577 2549 petavionensi
1726 2513 1792 2548 Μ.
1818 2520 1915 2548 me-

373 2587 466 2626 dias
499 2596 613 2637 quae
635 2586 683 2625 A.
768 2623 771 2625 ,
837 2587 903 2622 42.
941 2593 1075 2633 quem
1098 2582 1187 2622 ruit
1209 2593 1249 2629 α,
1286 2592 1352 2620 om
1377 2578 1414 2634 β.
1479 2579 1696 2631 aquilium
1718 2581 1764 2629 A,
1809 2590 1915 2618 acu-

374 2657 495 2696 leum
518 2654 553 2709 β.
620 2655 836 2706 Lugduno
862 2651 929 2707 αβ.
1103 2656 1169 2691 43.
1205 2651 1283 2691 ubi
1313 2654 1463 2690 autem
1489 2651 1643 2697 inruit,
1684 2653 1836 2689 utrum
1871 2651 1913 2688 in

376 2729 552 2768 Oceano
575 2726 820 2766 occidentis
842 2735 897 2763 an
915 2735 1036 2764 mare
1051 2723 1249 2774 Tyrreno
1274 2723 1317 2761 in
1340 2722 1563 2773 praesenti
1587 2723 1730 2772 potest
1753 2721 1911 2767 videri,

376 2800 480 2849 quia
503 2796 556 2836 ab
579 2807 690 2847 aqua
715 2796 769 2835 ad
792 2806 957 2846 aquam
980 2795 1159 2834 videtur
1182 2803 1380 2833 currere.
1431 2792 1567 2832 currit
1590 2791 1711 2830 milia
1733 2801 1911 2830 necem.

492 2870 558 2907 44.
595 2868 670 2918 qui
692 2867 926 2905 Bicornius
956 2866 1120 2905 dicitur
1317 2866 1381 2903 115.
1419 2873 1627 2913 campum
1660 2862 1703 2900 in
1727 2863 1917 2913 Appeta-

378 2940 501 2978 vium
529 2936 747 2989 (apetabio
768 2934 805 2989 β
833 2936 973 2975 currit
995 2935 1115 2974 milia
1137 2944 1313 2974 ccxxxn.
