2048 3275
791 169 1057 201 Genuam.
1641 154 1706 204 23

161 327 283 378 pore
310 310 638 361 contendant.
682 312 849 359 victus
870 310 1210 358 voluntariam
1239 312 1540 359 servitutem
1569 310 1702 363 adit:
1745 325 1794 361 ⁴0

163 407 402 470 quamvis
442 405 689 463 iuvenior,
737 405 976 468 (mannis
1017 403 1284 453 robustior.
1331 404 1524 464 alligari
1559 420 1612 453 se
1653 420 1709 452 ac

165 499 341 547 venire
382 499 591 561 patitur.
655 512 711 544 ea
753 505 825 544 est
870 498 918 545 in
960 511 1013 544 re
1055 511 1210 560 prava
1251 498 1564 561 pervivacia:
1614 499 1707 560 ipsi

164 590 317 640 fidem
359 599 557 639 vocant.
637 604 813 638 servos
862 587 1175 637 condicionis
1225 589 1377 637 buius
1426 604 1519 653 per
1569 606 1709 638 coni-

164 685 349 732 mercia
391 681 616 745 tradunt,
663 691 718 731 ut
757 697 812 730 se
839 696 1044 746 quoque
1071 681 1269 746 pudore
1298 683 1538 730 victoriae
1567 680 1709 727 oxol-

167 785 306 825 vant.
1747 790 1794 825 45

271 869 453 918 ceteris
491 869 653 917 servis
703 883 803 916 non
855 869 904 916 in
948 877 1177 916 nostrum
1221 882 1413 915 morem
1453 865 1712 929 discriptis
1730 870 1796 913 25

165 977 257 1028 per
296 961 539 1011 familiam
569 962 867 1009 ministeriis
907 970 1150 1009 utuntur:
1196 976 1340 1009 suani
1371 961 1591 1024 quisquo
1630 975 1712 1006 sv-

166 1055 311 1117 dem,
370 1070 489 1104 suos
529 1063 743 1118 penates
782 1055 926 1118 regit.
1009 1053 1253 1103 frumenti
1295 1051 1503 1101 modum
1545 1051 1712 1099 ‹lomi-

167 1164 265 1198 nus
322 1157 409 1197 aut
447 1149 646 1212 pecoris
707 1156 793 1195 aut
852 1147 1011 1195 vestis
1072 1155 1128 1195 ut
1167 1146 1342 1195 colono
1395 1146 1610 1208 iniungit
1665 1153 1711 1192 et

167 1256 349 1291 servus
401 1241 650 1289 hactenus
699 1248 870 1304 paret:
928 1247 1093 1288 cetera
1147 1238 1331 1288 domus
1381 1238 1543 1287 officia
1585 1253 1714 1286 uxor
1747 1245 1768 1279 5

164 1350 222 1384 ac.
262 1334 410 1383 liberi
439 1341 787 1398 exequuntur.
856 1331 1134 1381 verberare
1162 1348 1370 1381 servum
1412 1348 1470 1380 ac
1498 1331 1715 1380 vinculis

166 1437 211 1477 et
253 1443 406 1492 opere
446 1442 678 1475 coercere
719 1441 919 1475 rarum:
978 1425 1210 1475 occidere
1251 1425 1432 1488 solent,
1491 1441 1592 1473 non
1634 1423 1715 1472 di·-

167 1520 380 1586 sciplina
422 1529 471 1569 et
510 1519 805 1581 severitate,
849 1518 940 1568 sed
975 1521 1168 1584 impetu
1208 1527 1257 1568 et
1296 1521 1386 1581 ira,
1444 1527 1501 1568 ut
1540 1518 1716 1567 inimi-

167 1630 311 1678 cum,
369 1614 468 1662 nisi
520 1611 659 1677 quod
713 1614 923 1676 impune
976 1621 1071 1661 est.
1139 1611 1310 1661 liberti
1351 1628 1453 1660 non
1495 1612 1714 1660 multum

170 1722 324 1772 supra
353 1721 529 1755 servos
556 1713 691 1767 sunt,
739 1721 852 1755 raro
880 1704 1087 1769 aliquod
1114 1714 1432 1755 momentum
1461 1706 1512 1753 in
1541 1704 1706 1766 dom0‚
1751 1709 1799 1743 ⁴0

169 1814 452 1863 numquam
495 1800 544 1847 in
585 1799 815 1862 civitate,
871 1799 1100 1863 exceptis
1140 1797 1408 1848 dumtaxat
1448 1799 1508 1847 iis
1548 1799 1716 1863 genti-

169 1892 267 1942 bus
305 1907 438 1957 quae
478 1899 773 1956 regnantur.
854 1891 923 1941 ibi
977 1893 1115 1941 enim
1170 1900 1219 1941 et
1258 1906 1416 1956 super
1466 1893 1716 1957 ingenuos

170 1994 221 2034 et>
259 2001 418 2051 super
456 1984 656 2034 nobiles
695 1984 1008 2035 ascendunt:
1070 1984 1207 2050 apud
1257 1993 1452 2034 ceteros
1494 1986 1717 2049 impares

171 2078 394 2128 libertini
434 2078 685 2128 libertatis
725 2087 1086 2144 argumentum
1128 2086 1266 2128 sunt.

290 2225 354 2260 ⁴0.
391 2221 690 2262 voluntarium
709 2233 767 2272 pr
788 2221 831 2263 C.
997 2226 1060 2260 tt.
1099 2223 1288 2273 quanvis
1309 2233 1344 2261 c.
1429 2220 1635 2262 iuvenior
1667 2222 1721 2274 de

170 2305 359 2349 corpore
377 2294 586 2349 conteri-{tt
614 2293 659 2334 C.
822 2297 887 2332 49..
925 2294 1164 2345 parvicatia
1193 2293 1239 2334 C.
1406 2296 1470 2331 43.
1496 2293 1719 2332 conditio·

170 2367 237 2405 nis
259 2366 364 2406 BCc.
438 2366 659 2405 comercin
682 2365 728 2411 B,
765 2367 981 2405 comertia
1010 2365 1074 2406 Cc.

287 2440 356 2479 25.
396 2441 432 2475 4.
470 2437 700 2488 discriptis
723 2437 1099 2487 Reifferscheidius.
1136 2436 1375 2487 descriptis
1399 2435 1512 2475 libri.

173 2510 223 2547 2.·
241 2509 502 2548 ministeriis
519 2505 612 2561 Coss,
640 2508 857 2548 ministris
871 2508 943 2548 Bb.
1067 2510 1105 2546 4.
1133 2509 1260 2546 litura
1279 2511 1373 2546 ante
1393 2511 1438 2546 ut
1455 2507 1490 2544 b.
1557 2509 1597 2545 et
1622 2504 1715 2559 Ccss,

175 2584 222 2620 ut
246 2580 318 2621 Bb.
463 2584 502 2619 5.
540 2579 676 2619 offitia
706 2579 770 2620 Cc.
896 2582 934 2618 6.
971 2582 1249 2630 exequantur
1275 2579 1338 2618 Cr.
1403 2578 1533 2617 viciis
1558 2579 1600 2619 (J.

172 2655 211 2691 7.
248 2653 488 2692 cohercere
517 2651 581 2692 Cc.
647 2652 814 2690 irarum
835 2662 868 2689 c.
983 2653 1137 2689 9-46.
1168 2649 1718 2700 liberti—argumentum

173 2727 299 2763 sunt:
337 2724 438 2763 haec
460 2725 600 2774 infine
621 2725 770 2773 capitis
794 2725 862 2767 26,
896 2726 989 2790 pos}
1011 2723 1285 2772 ignorantur,
1320 2721 1472 2761 habent
1498 2722 1567 2768 Bb,
1602 2723 1673 2760 sed
1698 2718 1720 2773 β

172 2797 298 2834 etiam
330 2795 396 2834 hic
428 2797 471 2834 in
504 2797 705 2846 inferiore
737 2796 957 2844 margine,
1000 2804 1096 2833 cum
1127 2793 1207 2832 hac
1236 2793 1525 2841 adnotatione,
1563 2793 1605 2831 in
1638 2792 1720 2830 hoc

174 2866 267 2906 ioco
289 2867 454 2918 potius.
589 2870 653 2904 tt.
681 2875 910 2916 nunquam
935 2876 968 2904 c.
1098 2868 1162 2903 τὶ.
1189 2868 1234 2904 et
1257 2875 1394 2916 super
1415 2865 1634 2915 ingenuos
1656 2864 1723 2901 hic

173 2953 214 2990 in
235 2954 433 3003 maryine
454 2963 521 2991 om
545 2950 582 3005 β.
713 2955 774 2990 13.
814 2952 988 3002 inpares
1016 2951 1056 2991 C.
1187 2953 1250 2990 ¹⁴.
1275 2920 1327 2991 ἐξ
1345 2963 1381 2990 c.
1457 2953 1558 2989 sunt
1583 2961 1648 2987 om
1677 2948 1718 2989 C.
