2048 3275
416 196 482 242 44
961 209 1190 242 commu
1231 209 1389 240 mem

418 351 521 414 igni
560 356 793 413 temptes,
838 349 892 396 in
931 348 1141 397 modum
1190 347 1368 397 taedae
1418 347 1715 397 accenditur
1763 348 1950 412 alitque

417 441 675 489 flammam
725 442 971 505 pinguem
1021 447 1069 488 et
1119 441 1366 502 olentem;
1423 456 1539 489 mox
1588 447 1645 489 ut
1693 441 1745 488 in
1784 441 1950 505 picem

331 543 384 578 35
418 534 708 581 resinamve
747 533 993 581 lentescit.

525 624 802 674 Suionibus
842 626 1073 674 Sitonum
1115 632 1292 689 gentes
1327 626 1707 674 continuantur.
1787 632 1951 673 cetera

418 717 609 766 similes
648 733 750 766 uno
800 716 1045 766 differunt·
1095 716 1233 780 quod
1272 717 1462 766 femina
1517 715 1834 773 dominatum
1899 714 1951 760 in

392 796 614 858 ‘tantum
655 825 756 858 non
795 808 945 857 modo
984 825 1012 858 a
1051 809 1314 870 libertate,
1377 808 1470 858 sed
1522 809 1673 857 etiam
1724 822 1751 855 a
1790 806 1954 854 servi-

418 908 523 950 tute
563 901 894 966 degenerant.

329 997 400 1042 4ss
528 994 608 1042 hic
658 993 878 1042 Suebiae
935 993 1066 1042 finis.
1150 994 1485 1042 Peucinorum
1540 994 1953 1053 Venetorumque

421 1094 470 1134 et
508 1088 796 1134 Fennorum
834 1086 1067 1134 nationes
1107 1086 1371 1135 Germanis
1411 1102 1475 1134 an
1515 1085 1758 1135 Sarmatis
1796 1082 1954 1131 ascri-

420 1178 539 1226 bam
580 1177 785 1227 dubito:
832 1193 1145 1242 quamquam
1186 1179 1408 1241 Peucini,
1455 1193 1582 1242 quos
1621 1175 1832 1241 quidam
1860 1176 1955 1222 Ba-

421 1277 616 1319 starnas
657 1278 868 1332 vocant,
928 1287 1163 1320 sermone
1209 1271 1348 1320 cultu
1397 1269 1518 1319 sede
1576 1286 1633 1318 ac
1689 1267 1954 1317 domiciliis

362 1380 388 1416 5
423 1370 479 1412 ut
517 1363 758 1412 Germani
797 1370 967 1428 agunt.
1050 1362 1227 1412 sordes
1267 1364 1496 1412 omnium
1535 1378 1592 1411 ac
1628 1369 1799 1425 torpor
1834 1375 1954 1424 pro-

422 1471 619 1516 cerum;
667 1455 900 1504 conubiis
946 1456 1115 1504 mixtis
1172 1472 1273 1504 non
1330 1456 1457 1504 nihil
1505 1456 1557 1503 in
1609 1456 1955 1503 Sarmatarum

422 1547 651 1597 habitum
701 1547 986 1597 foedantur.
1079 1549 1257 1596 Veneti
1321 1548 1537 1597 multum
1601 1563 1664 1595 ex
1728 1544 1954 1594 moribus

421 1646 721 1688 traxerunt:
766 1656 883 1689 nam
912 1639 1166 1704 quidquid
1203 1641 1337 1689 inter
1373 1640 1616 1689 Peucinos
1653 1640 1953 1700 Fennosque

421 1732 666 1781 silvarum
707 1748 763 1781 ac
798 1734 1046 1781 montium
1086 1733 1298 1797 erigitur
1347 1732 1620 1781 latrociniis
1666 1737 1947 1795 pererrant.

537 1949 603 1985 33.
640 1946 729 1996 igni
761 1946 821 1993 bc,
867 1946 964 1995 igne
999 1945 1079 1985 BC.
1188 1946 1299 1983 tetes
1331 1945 1459 1984 Bch.
1562 1944 1687 1983 tedae
1720 1944 1778 1982 bc.

424 2019 490 2056 34.
518 2018 696 2056 ssamam
719 2018 753 2055 b.
934 2018 1000 2054 35.
1036 2016 1240 2054 rasinaue
1269 2016 1331 2056 Co.
1512 2018 1577 2053 36.
1615 2016 1819 2053 Sitonum
1845 2013 1947 2059 BCc,

417 2088 651 2127 sithonum
674 2089 695 2127 b
717 2091 817 2127 etin
840 2090 1031 2137 vnaryine
1062 2087 1268 2126 Sithones
1291 2087 1326 2133 b,
1361 2087 1587 2136 Hauptius.
1680 2088 1832 2135 gentes
1859 2081 1949 2136 Οεβ,

419 2169 527 2208 gens
552 2160 623 2197 Bb.
718 2159 1005 2198 continuatur
1029 2159 1075 2196 B.
1257 2161 1323 2196 37.
1361 2156 1631 2197 differuntur
1659 2157 1721 2197 Cc.

418 2247 488 2282 39.
525 2244 795 2294 degenerant
820 2241 950 2296 Boos,
993 2218 1213 2292 degnratur
1235 2243 1270 2281 b.

1024 2294 1147 2333 {sueug
1323 2302 1435 2323 sueuae
1943 2326 1948 2331 ,

538 2331 602 2376 46,
642 2333 678 2368 4.
715 2329 787 2367 hic
818 2329 975 2368 sueuie
1010 2329 1187 2377 {sueuie
1219 2328 1275 2375 B,
1313 2328 1496 2366 sueuiae
1515 2325 1609 2377 cc2‚)
1634 2325 1744 2365 fines
1767 2325 1872 2407 ΒῘΟσ,
1909 2325 1950 2362 ln

1821 2385 1897 2406 CUYO

420 2425 576 2464 sueuie
600 2414 711 2453 fines
733 2415 769 2453 b.
863 2414 963 2452 finis
986 2414 1257 2453 Puteolanus.
1370 2413 1668 2451 Peucinorum
1694 2411 1759 2458 Cb,
1796 2411 1954 2449 Peuci-

420 2510 580 2538 norum
606 2500 653 2545 B,
689 2510 796 2539 curo
818 2511 951 2549 supra
973 2500 1130 2550 peuci-
1161 2503 1199 2538 et
1231 2500 1272 2537 in
1294 2501 1489 2549 maryine
1517 2497 1694 2548 peucini
1719 2494 1756 2550 β,
1798 2471 1955 2547 fieeudbrid-

419 2560 581 2622 iilffium
603 2582 679 2623 002.
770 2584 1167 2634 Venethorumque
1193 2585 1263 2631 Bc,
1290 2584 1359 2623 sed
1381 2582 1403 2633 l}
1429 2586 1586 2633 puncto
1608 2582 1755 2621 delevit
1777 2577 1828 2619 οἳ.

475 2658 514 2692 2.
552 2654 762 2694 fonnrorfi
790 2656 828 2695 C.
910 2654 1160 2694 adscribam
1186 2655 1254 2693 Bc.
1398 2656 1550 2692 4—13.
1588 2652 1826 2691 domiciliis
1849 2655 1950 2690 sunt

419 2725 462 2762 in
495 2725 692 2776 plaustro
720 2726 759 2766 C.
922 2728 959 2764 6.
997 2725 1233 2765 connubiis
1257 2726 1352 2764 Bbc.
1445 2725 1604 2763 mixtos
1629 2724 1699 2770 Bc,
1736 2723 1889 2761 mistos
1913 2722 1947 2769 b,

419 2808 443 2834 o
472 2800 629 2845 puncto
652 2797 800 2836 delevit
821 2801 858 2836 et
891 2797 902 2835 i
934 2808 1068 2846 supra
1100 2797 1321 2846 adscripsit
1345 2793 1381 2849 β.
1449 2794 1585 2833 nichil
1607 2795 1653 2833 Β.
1814 2796 1851 2830 7.
1889 2791 1953 2831 fe-

419 2868 580 2906 dantur
605 2868 675 2906 Bb.
768 2867 954 2906 Venethi
981 2868 1049 2906 Bc.
1230 2870 1268 2906 8.
1305 2866 1522 2917 quicquid
1541 2866 1635 2904 Bbc.
1729 2865 1954 2903 Foennos-

414 2949 504 2988 que
529 2950 563 2976 c.
