2048 3275
823 226 1089 260 emmau.
1700 211 1728 258 7

291 368 342 416 in
383 368 684 417 universum
713 368 1001 418 aestimanti
1044 367 1160 431 plus
1188 383 1350 431 penes
1379 365 1606 432 peditem
1647 384 1730 415 ro·

183 459 349 512 boris:
407 476 571 524 eoque
612 461 753 509 mixti
793 460 1126 525 proeliantur,
1173 467 1287 523 apta
1328 468 1378 508 et
1416 469 1727 525 congruente

183 552 249 602 ad
287 561 579 617 equestrem
631 569 855 618 pugnam
897 553 1160 602 velocitate
1213 552 1444 617 peditum
1496 570 1625 617 quos
1664 571 1726 602 ex

183 646 320 694 omni
363 647 628 695 iuventute
669 645 894 695 delectos
934 653 1050 694 ante
1091 645 1254 694 aciem
1296 646 1478 695 locant.
1541 645 1728 695 defini—

182 746 263 788 tur
302 746 352 787 et
389 754 661 788 numerus:
707 740 908 788 centeni
949 755 1012 787 ex
1040 739 1255 803 singulis
1295 739 1437 804 pagis
1465 747 1600 802 sunt,
1649 739 1730 788 id·
1763 745 1813 780 2⁰

181 847 282 895 que
323 833 492 896 ipsum
534 833 666 882 inter
705 847 825 881 suos
864 839 1113 881 vocantur
1151 838 1201 880 et
1245 831 1383 895 quod
1425 833 1588 897 primo
1628 848 1728 881 nu-

184 940 356 974 merus
395 924 487 974 fuit
530 926 629 973 iam
671 940 857 973 nomen
900 933 947 972 et
989 924 1148 972 honor
1186 933 1282 974 est.

288 1021 421 1067 acies
460 1034 553 1082 per
579 1034 769 1067 cuneos
797 1018 1134 1082 componitur.
1181 1016 1365 1067 cedere
1404 1017 1528 1080 loce,
1574 1016 1729 1067 dum-

181 1109 331 1159 modo
372 1126 550 1160 rursus
593 1112 766 1173 instes,
825 1111 1022 1160 consilii
1063 1126 1218 1174 quam
1259 1110 1549 1160 formidinis
1587 1110 1728 1160 arbi-

181 1211 397 1253 trantur.
467 1220 677 1268 corpora
727 1220 938 1254 suorum
989 1204 1142 1252 etiam
1195 1205 1244 1251 in
1295 1202 1469 1253 dubiis
1520 1204 1728 1268 proeliis
1762 1210 1812 1247 25

179 1297 425 1346 referunt.
493 1305 694 1347 scutum
746 1297 1014 1361 reliquisse
1066 1298 1403 1361 praecipuum
1456 1296 1721 1361 flagitium,

179 1405 273 1438 nee
324 1398 410 1439 aut
449 1391 607 1440 sacris
645 1389 828 1440 adesse
878 1399 966 1440 aut
1005 1390 1277 1440 concilium
1328 1391 1457 1439 inire
1511 1391 1728 1454 ignomi-

179 1483 320 1531 nioso
360 1483 462 1539 fas;
520 1483 770 1547 multique
821 1484 1123 1548 superstites
1169 1483 1423 1533 bellorum
1465 1483 1727 1532 infamiam

178 1575 361 1639 laqueo
407 1575 668 1625 finierunt.

283 1684 431 1733 reges
482 1686 548 1718 ex
600 1669 887 1733 nobilitate,
948 1669 1105 1719 duces
1153 1685 1219 1719 ex
1258 1670 1446 1719 virtute
1488 1677 1717 1718 sumunt.
1757 1671 1785 1714 7

178 1777 272 1810 nee
311 1761 521 1826 regibus
572 1763 768 1812 infinita
820 1770 907 1812 aut
958 1762 1118 1812 libera
1157 1770 1406 1828 potestaS,
1465 1770 1516 1812 et
1567 1761 1728 1812 duces

176 1855 415 1919 exemplo
453 1856 623 1920 potius
661 1872 816 1920 quam
858 1857 1087 1921 imperiO,
1147 1857 1191 1906 si
1228 1857 1466 1921 prompti,
1520 1857 1561 1905 si
1602 1872 1727 1905 con-

175 1948 368 2012 spicui,
439 1949 481 1997 si
541 1956 658 1998 ante
723 1950 883 1998 aciem
941 1957 1116 2015 agant,
1184 1948 1521 1998 admiratione
1574 1965 1727 2013 prae—

177 2049 312 2090 sunt.
383 2049 610 2091 eeterum
650 2058 819 2106 neque
851 2041 1264 2092 animadvertere
1304 2058 1474 2107 neque
1505 2043 1717 2103 vincire,
1758 2055 1779 2089 5

176 2257 218 2294 in
242 2257 436 2306 marye'ne
468 2259 628 2296 cuncto
662 2256 718 2304 B,
764 2261 926 2296 cuncto
949 2257 995 2305 b,
1052 2258 1289 2297 coniuncto
1321 2269 1455 2308 supra
1487 2269 1660 2297 versum
1682 2255 1720 2311 β,

178 2330 336 2366 coneto
363 2326 405 2374 C,
443 2332 604 2367 cuncto
629 2332 667 2368 et
687 2339 821 2378 supra
842 2327 1017 2369 &uicto
1041 2341 1074 2369 c.

294 2402 360 2438 16.
396 2400 668 2439 existimanti
697 2399 761 2441 Cc.
947 2403 1007 2440 ¹7.
1054 2401 1173 2440 misti
1205 2401 1243 2441 b.
1322 2404 1728 2453 prae-p-pre-pre-

178 2498 340 2538 liantur
371 2497 470 2539 libri
498 2503 536 2539 et
564 2501 762 2539 similiter
783 2501 950 2551 ubique.
1046 2512 1098 2540 ex
1121 2513 1155 2540 c.
1340 2467 1642 2540 49.¹‹‘1¹ixiect0s
1676 2501 1721 2540 B.

292 2573 358 2609 ΞΟ.
396 2572 869 2611 centeni—numerus
892 2583 957 2611 om
975 2571 1015 2612 C.
1143 2576 1209 2613 2⁴.
1246 2573 1365 2623 quod
1381 2584 1415 2619 c,
1452 2573 1633 2623 quidem
1651 2573 1722 2619 Bb,

174 2682 279 2710 corr
303 2668 339 2725 β.
405 2647 620 2722 primuo⁵B.
771 2674 838 2710 23.
875 2670 1010 2711 cuc-os
1037 2671 1078 2714 C.
1214 2675 1283 2712 24.
1322 2673 1662 2730 soeridinis
1685 2673 1721 2711 b.

294 2758 361 2795 25.
398 2757 533 2795 etiam
567 2757 663 2804 Bbc,
690 2755 730 2797 &
758 2757 798 2798 C.
923 2759 1048 2812 pdiis
1076 2758 1118 2799 C.
1300 2762 1368 2799 27.
1415 2759 1653 2799 consilium
1682 2758 1723 2799 C.

290 2832 358 2868 28.
396 2828 636 2868 infameam
672 2828 713 2869 C.

293 2902 332 2947 7,
370 2902 407 2938 1.
446 2904 678 2939 summunt
701 2913 735 2940 c.
932 2905 970 2941 Ξ.
1007 2901 1173 2948 amne,
1209 2912 1259 2940 ac
1286 2900 1350 2941 Cc.
1417 2904 1459 2940 et
1486 2900 1551 2948 Cc,
1592 2902 1726 2941 etiam

178 2983 251 3023 Bb.
375 2989 416 3027 3.
449 2985 598 3037 pronti
628 2985 670 3026 C.
803 2987 840 3025 1ο.
877 2985 979 3037 agfit
1008 2986 1052 3028 C.
1176 2990 1215 3026 5.
1253 2964 1295 3038 ἃς
1324 2989 1484 3027 corr-in
1508 2998 1651 3038 neque
1681 2988 1724 3029 C.
