<?xml version="1.0" encoding="UTF-8"?>
<!DOCTYPE html PUBLIC "-//W3C//DTD XHTML 1.0 Transitional//EN"
    "http://www.w3.org/TR/xhtml1/DTD/xhtml1-transitional.dtd">
<html xmlns="http://www.w3.org/1999/xhtml" xml:lang="en" lang="en">
 <head>
  <title>
</title>
<meta http-equiv="Content-Type" content="text/html;charset=utf-8" />
  <meta name='ocr-system' content='tesseract 3.04.00' />
  <meta name='ocr-capabilities' content='ocr_page ocr_carea ocr_par ocr_line ocrx_word'/>
</head>
<body>
  <div class='ocr_page' id='page_1' title='image "./germaniaantiquac00taciuoft_0122.png"; bbox 0 0 2048 3275; ppageno 0'>
   <div class='ocr_carea' id='block_1_1' title="bbox 313 444 334 479">
    <p class='ocr_par' dir='ltr' id='par_1_1' title="bbox 313 444 334 479">
     <span class='ocr_line' id='line_1_1' title="bbox 313 444 334 479; baseline 0 0"><span class='ocrx_word' id='word_1_1' title='bbox 313 444 334 479; x_wconf 83' lang='lat'>5</span> 
     </span>
    </p>
   </div>
   <div class='ocr_carea' id='block_1_2' title="bbox 287 811 339 849">
    <p class='ocr_par' dir='ltr' id='par_1_2' title="bbox 287 811 339 849">
     <span class='ocr_line' id='line_1_2' title="bbox 287 811 339 849; baseline -0.038 0"><span class='ocrx_word' id='word_1_2' title='bbox 287 811 339 849; x_wconf 67' lang='grc'>40</span> 
     </span>
    </p>
   </div>
   <div class='ocr_carea' id='block_1_3' title="bbox 290 1546 338 1584">
    <p class='ocr_par' dir='ltr' id='par_1_3' title="bbox 290 1546 338 1584">
     <span class='ocr_line' id='line_1_3' title="bbox 290 1546 338 1584; baseline -0.021 0"><span class='ocrx_word' id='word_1_3' title='bbox 290 1546 338 1584; x_wconf 62' lang='grc'>41</span> 
     </span>
    </p>
   </div>
   <div class='ocr_carea' id='block_1_4' title="bbox 373 179 1424 228">
    <p class='ocr_par' dir='ltr' id='par_1_4' title="bbox 373 179 1424 228">
     <span class='ocr_line' id='line_1_4' title="bbox 373 179 1424 228; baseline 0 -1"><span class='ocrx_word' id='word_1_4' title='bbox 373 179 469 227; x_wconf 81' lang='lat'>112</span> <span class='ocrx_word' id='word_1_5' title='bbox 837 196 863 226; x_wconf 83' lang='lat' dir='ltr'>E</span> <span class='ocrx_word' id='word_1_6' title='bbox 893 195 1040 228; x_wconf 63' lang='lat' dir='ltr'>Primi</span> <span class='ocrx_word' id='word_1_7' title='bbox 1068 195 1207 227; x_wconf 73' lang='lat' dir='ltr'>Lumo</span> <span class='ocrx_word' id='word_1_8' title='bbox 1239 194 1424 228; x_wconf 77' lang='lat' dir='ltr'>xxxvn.</span> 
     </span>
    </p>
   </div>
   <div class='ocr_carea' id='block_1_5' title="bbox 368 334 1909 1968">
    <p class='ocr_par' dir='ltr' id='par_1_5' title="bbox 368 334 1909 1968">
     <span class='ocr_line' id='line_1_5' title="bbox 368 334 1907 383; baseline 0.001 -2"><span class='ocrx_word' id='word_1_9' title='bbox 368 350 492 382; x_wconf 89' lang='lat' dir='ltr'>num</span> <span class='ocrx_word' id='word_1_10' title='bbox 534 335 674 382; x_wconf 79' lang='lat' dir='ltr'>iuxta</span> <span class='ocrx_word' id='word_1_11' title='bbox 726 343 951 382; x_wconf 88' lang='lat' dir='ltr'>montem</span> <span class='ocrx_word' id='word_1_12' title='bbox 1005 336 1292 383; x_wconf 66' lang='lat' dir='ltr'>silvestrem</span> <span class='ocrx_word' id='word_1_13' title='bbox 1343 334 1612 383; x_wconf 78' lang='lat' dir='ltr'>arboribus</span> <span class='ocrx_word' id='word_1_14' title='bbox 1663 335 1907 383; x_wconf 84' lang='lat' dir='ltr'>electrum</span> 
     </span>
     <span class='ocr_line' id='line_1_6' title="bbox 370 424 1909 491; baseline 0 -17"><span class='ocrx_word' id='word_1_15' title='bbox 370 426 671 474; x_wconf 83' lang='lat' dir='ltr'>ferentibus.</span> <span class='ocrx_word' id='word_1_16' title='bbox 753 426 961 475; x_wconf 84' lang='lat' dir='ltr'>arbores</span> <span class='ocrx_word' id='word_1_17' title='bbox 1004 443 1089 475; x_wconf 88' lang='lat' dir='ltr'>eas</span> <span class='ocrx_word' id='word_1_18' title='bbox 1127 427 1496 491; x_wconf 74' lang='lat' dir='ltr'>psitthachoras</span> <span class='ocrx_word' id='word_1_19' title='bbox 1549 424 1745 483; x_wconf 81' lang='lat' dir='ltr'>vocari,</span> <span class='ocrx_word' id='word_1_20' title='bbox 1807 443 1909 490; x_wconf 83' lang='lat' dir='ltr'>qua</span> 
     </span>
     <span class='ocr_line' id='line_1_7' title="bbox 370 518 1907 583; baseline 0.001 -18"><span class='ocrx_word' id='word_1_21' title='bbox 370 518 709 582; x_wconf 74' lang='lat' dir='ltr'>appellatione</span> <span class='ocrx_word' id='word_1_22' title='bbox 749 519 1064 581; x_wconf 83' lang='lat' dir='ltr'>significetur</span> <span class='ocrx_word' id='word_1_23' title='bbox 1104 518 1395 583; x_wconf 87' lang='lat' dir='ltr'>praedulcis</span> <span class='ocrx_word' id='word_1_24' title='bbox 1415 520 1654 568; x_wconf 85' lang='lat' dir='ltr'>suavitas.</span> <span class='ocrx_word' id='word_1_25' title='bbox 1711 520 1907 566; x_wconf 88' lang='lat' dir='ltr'>Mithri-</span> 
     </span>
     <span class='ocr_line' id='line_1_8' title="bbox 371 610 1905 674; baseline -0.001 -15"><span class='ocrx_word' id='word_1_26' title='bbox 371 610 514 659; x_wconf 91' lang='lat' dir='ltr'>dates</span> <span class='ocrx_word' id='word_1_27' title='bbox 566 611 617 658; x_wconf 89' lang='lat' dir='ltr'>in</span> <span class='ocrx_word' id='word_1_28' title='bbox 667 610 966 660; x_wconf 76' lang='lat' dir='ltr'>Carmaniae</span> <span class='ocrx_word' id='word_1_29' title='bbox 1027 611 1260 659; x_wconf 79' lang='lat' dir='ltr'>litoribus</span> <span class='ocrx_word' id='word_1_30' title='bbox 1306 611 1526 659; x_wconf 90' lang='lat' dir='ltr'>insulam</span> <span class='ocrx_word' id='word_1_31' title='bbox 1583 627 1695 659; x_wconf 93' lang='lat' dir='ltr'>esse</span> <span class='ocrx_word' id='word_1_32' title='bbox 1753 626 1905 674; x_wconf 84' lang='lat' dir='ltr'>quam</span> 
     </span>
     <span class='ocr_line' id='line_1_9' title="bbox 369 701 1905 768; baseline 0 -18"><span class='ocrx_word' id='word_1_33' title='bbox 369 704 538 751; x_wconf 71' lang='lat' dir='ltr'>vocari</span> <span class='ocrx_word' id='word_1_34' title='bbox 578 704 811 765; x_wconf 78' lang='lat' dir='ltr'>Seritam,</span> <span class='ocrx_word' id='word_1_35' title='bbox 858 702 997 751; x_wconf 80' lang='lat' dir='ltr'>cedri</span> <span class='ocrx_word' id='word_1_36' title='bbox 1025 719 1211 768; x_wconf 80' lang='lat' dir='ltr'>genere</span> <span class='ocrx_word' id='word_1_37' title='bbox 1239 703 1495 766; x_wconf 81' lang='lat' dir='ltr'>silvosam,</span> <span class='ocrx_word' id='word_1_38' title='bbox 1529 702 1650 751; x_wconf 90' lang='lat' dir='ltr'>inde</span> <span class='ocrx_word' id='word_1_39' title='bbox 1678 701 1905 751; x_wconf 90' lang='lat' dir='ltr'>defluere</span> 
     </span>
     <span class='ocr_line' id='line_1_10' title="bbox 374 796 1908 860; baseline 0.001 -18"><span class='ocrx_word' id='word_1_40' title='bbox 374 797 425 843; x_wconf 91' lang='lat' dir='ltr'>in</span> <span class='ocrx_word' id='word_1_41' title='bbox 464 804 652 860; x_wconf 88' lang='lat' dir='ltr'>petras.</span> <span class='ocrx_word' id='word_1_42' title='bbox 712 798 1022 844; x_wconf 85' lang='lat' dir='ltr'>Xenocrates</span> <span class='ocrx_word' id='word_1_43' title='bbox 1062 811 1163 843; x_wconf 92' lang='lat' dir='ltr'>non</span> <span class='ocrx_word' id='word_1_44' title='bbox 1205 796 1441 843; x_wconf 90' lang='lat' dir='ltr'>sucinum</span> <span class='ocrx_word' id='word_1_45' title='bbox 1480 803 1679 843; x_wconf 83' lang='lat' dir='ltr'>tantum</span> <span class='ocrx_word' id='word_1_46' title='bbox 1718 796 1770 842; x_wconf 89' lang='lat' dir='ltr'>in</span> <span class='ocrx_word' id='word_1_47' title='bbox 1809 796 1908 843; x_wconf 86' lang='lat' dir='ltr'>lta-</span> 
     </span>
     <span class='ocr_line' id='line_1_11' title="bbox 371 887 1899 952; baseline -0.001 -18"><span class='ocrx_word' id='word_1_48' title='bbox 371 888 435 936; x_wconf 88' lang='lat' dir='ltr'>lia</span> <span class='ocrx_word' id='word_1_49' title='bbox 488 887 579 936; x_wconf 85' lang='lat' dir='ltr'>sed</span> <span class='ocrx_word' id='word_1_50' title='bbox 629 896 677 936; x_wconf 89' lang='lat' dir='ltr'>et</span> <span class='ocrx_word' id='word_1_51' title='bbox 726 888 890 936; x_wconf 82' lang='lat' dir='ltr'>thium</span> <span class='ocrx_word' id='word_1_52' title='bbox 942 889 1138 950; x_wconf 88' lang='lat' dir='ltr'>vocari,</span> <span class='ocrx_word' id='word_1_53' title='bbox 1198 903 1225 935; x_wconf 85' lang='lat' dir='ltr'>a</span> <span class='ocrx_word' id='word_1_54' title='bbox 1266 888 1465 952; x_wconf 57' lang='lat' dir='ltr'>Scythis</span> <span class='ocrx_word' id='word_1_55' title='bbox 1503 903 1624 935; x_wconf 80' lang='lat' dir='ltr'>vero</span> <span class='ocrx_word' id='word_1_56' title='bbox 1664 887 1899 949; x_wconf 86' lang='lat' dir='ltr'>sacrium,</span> 
     </span>
     <span class='ocr_line' id='line_1_12' title="bbox 371 977 1904 1044; baseline -0.001 -17"><span class='ocrx_word' id='word_1_57' title='bbox 371 981 611 1043; x_wconf 85' lang='lat' dir='ltr'>quoniam</span> <span class='ocrx_word' id='word_1_58' title='bbox 664 988 713 1028; x_wconf 86' lang='lat' dir='ltr'>et·</span> <span class='ocrx_word' id='word_1_59' title='bbox 750 980 822 1028; x_wconf 84' lang='lat' dir='ltr'>ibi</span> <span class='ocrx_word' id='word_1_60' title='bbox 862 988 1127 1043; x_wconf 87' lang='lat' dir='ltr'>nascatur,</span> <span class='ocrx_word' id='word_1_61' title='bbox 1192 980 1316 1029; x_wconf 90' lang='lat' dir='ltr'>alios</span> <span class='ocrx_word' id='word_1_62' title='bbox 1355 988 1535 1044; x_wconf 91' lang='lat' dir='ltr'>putare</span> <span class='ocrx_word' id='word_1_63' title='bbox 1576 980 1628 1027; x_wconf 89' lang='lat' dir='ltr'>in</span> <span class='ocrx_word' id='word_1_64' title='bbox 1667 977 1904 1027; x_wconf 81' lang='lat' dir='ltr'>Numidia</span> 
     </span>
     <span class='ocr_line' id='line_1_13' title="bbox 372 1069 1907 1137; baseline -0.001 -18"><span class='ocrx_word' id='word_1_65' title='bbox 372 1088 436 1120; x_wconf 80' lang='lat' dir='ltr'>ex</span> <span class='ocrx_word' id='word_1_66' title='bbox 474 1073 628 1120; x_wconf 88' lang='lat' dir='ltr'>humo</span> <span class='ocrx_word' id='word_1_67' title='bbox 669 1073 824 1137; x_wconf 90' lang='lat' dir='ltr'>gigni.</span> <span class='ocrx_word' id='word_1_68' title='bbox 905 1088 1061 1136; x_wconf 89' lang='lat' dir='ltr'>super</span> <span class='ocrx_word' id='word_1_69' title='bbox 1101 1089 1279 1121; x_wconf 90' lang='lat' dir='ltr'>omnes</span> <span class='ocrx_word' id='word_1_70' title='bbox 1318 1081 1393 1121; x_wconf 85' lang='lat' dir='ltr'>est</span> <span class='ocrx_word' id='word_1_71' title='bbox 1435 1071 1723 1135; x_wconf 85' lang='lat' dir='ltr'>Sophocles,</span> <span class='ocrx_word' id='word_1_72' title='bbox 1769 1069 1907 1134; x_wconf 84' lang='lat' dir='ltr'>quod</span> 
     </span>
     <span class='ocr_line' id='line_1_14' title="bbox 374 1163 1900 1230; baseline -0.001 -18"><span class='ocrx_word' id='word_1_73' title='bbox 374 1164 614 1228; x_wconf 85' lang='lat' dir='ltr'>equidem</span> <span class='ocrx_word' id='word_1_74' title='bbox 654 1166 823 1228; x_wconf 78' lang='lat' dir='ltr'>miror,</span> <span class='ocrx_word' id='word_1_75' title='bbox 871 1182 988 1214; x_wconf 88' lang='lat' dir='ltr'>cum</span> <span class='ocrx_word' id='word_1_76' title='bbox 1028 1173 1165 1213; x_wconf 82' lang='lat' dir='ltr'>tanta</span> <span class='ocrx_word' id='word_1_77' title='bbox 1205 1166 1425 1230; x_wconf 68' lang='lat' dir='ltr'>gravitas</span> <span class='ocrx_word' id='word_1_78' title='bbox 1466 1165 1508 1212; x_wconf 92' lang='lat' dir='ltr'>ei</span> <span class='ocrx_word' id='word_1_79' title='bbox 1550 1164 1782 1212; x_wconf 86' lang='lat' dir='ltr'>cothurni</span> <span class='ocrx_word' id='word_1_80' title='bbox 1822 1163 1900 1225; x_wconf 86' lang='lat' dir='ltr'>sit,</span> 
     </span>
     <span class='ocr_line' id='line_1_15' title="bbox 370 1254 1908 1322; baseline -0.001 -17"><span class='ocrx_word' id='word_1_81' title='bbox 370 1265 633 1321; x_wconf 87' lang='lat' dir='ltr'>praeterea</span> <span class='ocrx_word' id='word_1_82' title='bbox 675 1258 808 1305; x_wconf 84' lang='lat' dir='ltr'>vitae</span> <span class='ocrx_word' id='word_1_83' title='bbox 849 1257 998 1320; x_wconf 89' lang='lat' dir='ltr'>fama,</span> <span class='ocrx_word' id='word_1_84' title='bbox 1044 1258 1316 1322; x_wconf 85' lang='lat' dir='ltr'>principali</span> <span class='ocrx_word' id='word_1_85' title='bbox 1356 1257 1462 1305; x_wconf 89' lang='lat' dir='ltr'>loco</span> <span class='ocrx_word' id='word_1_86' title='bbox 1502 1257 1670 1321; x_wconf 88' lang='lat' dir='ltr'>genito</span> <span class='ocrx_word' id='word_1_87' title='bbox 1696 1254 1908 1303; x_wconf 79' lang='lat' dir='ltr'>Athenis</span> 
     </span>
     <span class='ocr_line' id='line_1_16' title="bbox 372 1348 1909 1414; baseline -0.003 -17"><span class='ocrx_word' id='word_1_88' title='bbox 372 1359 418 1397; x_wconf 88' lang='lat' dir='ltr'>et</span> <span class='ocrx_word' id='word_1_89' title='bbox 472 1349 630 1397; x_wconf 89' lang='lat' dir='ltr'>rebus</span> <span class='ocrx_word' id='word_1_90' title='bbox 669 1352 823 1414; x_wconf 89' lang='lat' dir='ltr'>gestis</span> <span class='ocrx_word' id='word_1_91' title='bbox 882 1359 931 1398; x_wconf 82' lang='lat' dir='ltr'>et</span> <span class='ocrx_word' id='word_1_92' title='bbox 981 1351 1208 1398; x_wconf 76' lang='lat' dir='ltr'>exercitu</span> <span class='ocrx_word' id='word_1_93' title='bbox 1258 1349 1426 1398; x_wconf 87' lang='lat' dir='ltr'>ducto.</span> <span class='ocrx_word' id='word_1_94' title='bbox 1507 1349 1586 1396; x_wconf 87' lang='lat' dir='ltr'>hic</span> <span class='ocrx_word' id='word_1_95' title='bbox 1641 1348 1770 1397; x_wconf 88' lang='lat' dir='ltr'>ultra</span> <span class='ocrx_word' id='word_1_96' title='bbox 1824 1348 1909 1394; x_wconf 93' lang='lat' dir='ltr'>In-</span> 
     </span>
     <span class='ocr_line' id='line_1_17' title="bbox 373 1440 1909 1505; baseline -0.002 -15"><span class='ocrx_word' id='word_1_97' title='bbox 373 1442 507 1491; x_wconf 87' lang='lat' dir='ltr'>diam</span> <span class='ocrx_word' id='word_1_98' title='bbox 548 1442 657 1490; x_wconf 89' lang='lat' dir='ltr'>fieri</span> <span class='ocrx_word' id='word_1_99' title='bbox 698 1441 826 1490; x_wconf 78' lang='lat' dir='ltr'>dixit</span> <span class='ocrx_word' id='word_1_100' title='bbox 865 1458 890 1489; x_wconf 88' lang='lat' dir='ltr'>e</span> <span class='ocrx_word' id='word_1_101' title='bbox 930 1443 1151 1490; x_wconf 75' lang='lat' dir='ltr'>lacrimis</span> <span class='ocrx_word' id='word_1_102' title='bbox 1190 1440 1558 1505; x_wconf 75' lang='lat' dir='ltr'>meleagridum</span> <span class='ocrx_word' id='word_1_103' title='bbox 1598 1442 1770 1489; x_wconf 73' lang='lat' dir='ltr'>avium</span> <span class='ocrx_word' id='word_1_104' title='bbox 1805 1441 1909 1487; x_wconf 84' lang='lat' dir='ltr'>Me-</span> 
     </span>
     <span class='ocr_line' id='line_1_18' title="bbox 379 1533 1908 1599; baseline -0.001 -18"><span class='ocrx_word' id='word_1_105' title='bbox 379 1536 604 1599; x_wconf 88' lang='lat' dir='ltr'>leagrum</span> <span class='ocrx_word' id='word_1_106' title='bbox 645 1534 961 1582; x_wconf 89' lang='lat' dir='ltr'>deflentium.</span> <span class='ocrx_word' id='word_1_107' title='bbox 1022 1533 1158 1597; x_wconf 90' lang='lat' dir='ltr'>quod</span> <span class='ocrx_word' id='word_1_108' title='bbox 1199 1533 1476 1582; x_wconf 85' lang='lat' dir='ltr'>credidisse</span> <span class='ocrx_word' id='word_1_109' title='bbox 1518 1549 1636 1581; x_wconf 92' lang='lat' dir='ltr'>eum</span> <span class='ocrx_word' id='word_1_110' title='bbox 1676 1541 1759 1582; x_wconf 85' lang='lat' dir='ltr'>aut</span> <span class='ocrx_word' id='word_1_111' title='bbox 1789 1547 1908 1594; x_wconf 88' lang='lat' dir='ltr'>spe—</span> 
     </span>
     <span class='ocr_line' id='line_1_19' title="bbox 373 1626 1900 1691; baseline -0.003 -15"><span class='ocrx_word' id='word_1_112' title='bbox 373 1644 513 1676; x_wconf 81' lang='lat' dir='ltr'>rasse</span> <span class='ocrx_word' id='word_1_113' title='bbox 582 1627 693 1675; x_wconf 89' lang='lat' dir='ltr'>aliis</span> <span class='ocrx_word' id='word_1_114' title='bbox 762 1626 1062 1690; x_wconf 83' lang='lat' dir='ltr'>persuaderi</span> <span class='ocrx_word' id='word_1_115' title='bbox 1126 1642 1274 1691; x_wconf 90' lang='lat' dir='ltr'>posse</span> <span class='ocrx_word' id='word_1_116' title='bbox 1336 1627 1452 1690; x_wconf 88' lang='lat' dir='ltr'>quis</span> <span class='ocrx_word' id='word_1_117' title='bbox 1514 1641 1615 1673; x_wconf 86' lang='lat' dir='ltr'>non</span> <span class='ocrx_word' id='word_1_118' title='bbox 1674 1626 1900 1685; x_wconf 84' lang='lat' dir='ltr'>miretur,</span> 
     </span>
     <span class='ocr_line' id='line_1_20' title="bbox 374 1717 1906 1783; baseline -0.002 -17"><span class='ocrx_word' id='word_1_119' title='bbox 374 1735 595 1782; x_wconf 69' lang='lat' dir='ltr'>quamve</span> <span class='ocrx_word' id='word_1_120' title='bbox 653 1720 925 1781; x_wconf 87' lang='lat' dir='ltr'>pueritiam</span> <span class='ocrx_word' id='word_1_121' title='bbox 988 1727 1090 1767; x_wconf 86' lang='lat' dir='ltr'>tam</span> <span class='ocrx_word' id='word_1_122' title='bbox 1153 1719 1425 1783; x_wconf 80' lang='lat' dir='ltr'>inperitam</span> <span class='ocrx_word' id='word_1_123' title='bbox 1482 1733 1630 1782; x_wconf 90' lang='lat' dir='ltr'>posse</span> <span class='ocrx_word' id='word_1_124' title='bbox 1695 1717 1906 1781; x_wconf 88' lang='lat' dir='ltr'>reperiri</span> 
     </span>
     <span class='ocr_line' id='line_1_21' title="bbox 374 1809 1904 1875; baseline 0 -20"><span class='ocrx_word' id='word_1_125' title='bbox 374 1828 505 1875; x_wconf 82' lang='lat' dir='ltr'>quae</span> <span class='ocrx_word' id='word_1_126' title='bbox 546 1812 718 1860; x_wconf 74' lang='lat' dir='ltr'>avium</span> <span class='ocrx_word' id='word_1_127' title='bbox 757 1811 983 1875; x_wconf 87' lang='lat' dir='ltr'>ploratus</span> <span class='ocrx_word' id='word_1_128' title='bbox 1023 1827 1222 1860; x_wconf 87' lang='lat' dir='ltr'>annuos</span> <span class='ocrx_word' id='word_1_129' title='bbox 1262 1809 1435 1858; x_wconf 84' lang='lat' dir='ltr'>credat</span> <span class='ocrx_word' id='word_1_130' title='bbox 1474 1811 1774 1858; x_wconf 77' lang='lat' dir='ltr'>lacrimasve</span> <span class='ocrx_word' id='word_1_131' title='bbox 1804 1818 1904 1857; x_wconf 86' lang='lat' dir='ltr'>tam</span> 
     </span>
     <span class='ocr_line' id='line_1_22' title="bbox 375 1902 1907 1968; baseline -0.002 -17"><span class='ocrx_word' id='word_1_132' title='bbox 375 1903 610 1968; x_wconf 81' lang='lat' dir='ltr'>grandes,</span> <span class='ocrx_word' id='word_1_133' title='bbox 659 1919 844 1952; x_wconf 73' lang='lat' dir='ltr'>avesve</span> <span class='ocrx_word' id='word_1_134' title='bbox 884 1920 1015 1967; x_wconf 86' lang='lat' dir='ltr'>quae</span> <span class='ocrx_word' id='word_1_135' title='bbox 1057 1920 1084 1951; x_wconf 86' lang='lat' dir='ltr'>a</span> <span class='ocrx_word' id='word_1_136' title='bbox 1125 1904 1353 1967; x_wconf 77' lang='lat' dir='ltr'>Graecia,</span> <span class='ocrx_word' id='word_1_137' title='bbox 1400 1902 1489 1952; x_wconf 80' lang='lat' dir='ltr'>ubi</span> <span class='ocrx_word' id='word_1_138' title='bbox 1529 1902 1777 1966; x_wconf 75' lang='lat' dir='ltr'>Meleager</span> <span class='ocrx_word' id='word_1_139' title='bbox 1814 1917 1907 1965; x_wconf 86' lang='lat' dir='ltr'>pe-</span> 
     </span>
    </p>
   </div>
   <div class='ocr_carea' id='block_1_6' title="bbox 486 2150 1903 2343">
    <p class='ocr_par' dir='ltr' id='par_1_6' title="bbox 486 2150 1903 2343">
     <span class='ocr_line' id='line_1_23' title="bbox 486 2150 1903 2202; baseline -0.002 -12"><span class='ocrx_word' id='word_1_140' title='bbox 486 2155 526 2190; x_wconf 84' lang='lat'>5.</span> <span class='ocrx_word' id='word_1_141' title='bbox 564 2162 636 2190; x_wconf 78' lang='lat' dir='ltr'>eas</span> <span class='ocrx_word' id='word_1_142' title='bbox 657 2151 959 2202; x_wconf 80' lang='lat' dir='ltr'>psitthachora</span> <span class='ocrx_word' id='word_1_143' title='bbox 982 2153 1030 2197; x_wconf 91' lang='grc' dir='ltr'>Β,</span> <span class='ocrx_word' id='word_1_144' title='bbox 1065 2152 1318 2202; x_wconf 82' lang='lat' dir='ltr'>apitacliora</span> <span class='ocrx_word' id='word_1_145' title='bbox 1343 2152 1397 2199; x_wconf 98' lang='lat' dir='ltr'>F,</span> <span class='ocrx_word' id='word_1_146' title='bbox 1443 2162 1515 2190; x_wconf 82' lang='lat' dir='ltr'>eas</span> <span class='ocrx_word' id='word_1_147' title='bbox 1548 2150 1836 2201; x_wconf 65' lang='lat' dir='ltr'>aphytacoras</span> <span class='ocrx_word' id='word_1_148' title='bbox 1858 2150 1903 2188; x_wconf 91' lang='lat' dir='ltr'>L.</span> 
     </span>
     <span class='ocr_line' id='line_1_24' title="bbox 486 2220 1901 2272; baseline -0.002 -12"><span class='ocrx_word' id='word_1_149' title='bbox 486 2226 525 2261; x_wconf 80' lang='lat'>7.</span> <span class='ocrx_word' id='word_1_150' title='bbox 561 2222 816 2261; x_wconf 83' lang='lat' dir='ltr'>Carmaniae</span> <span class='ocrx_word' id='word_1_151' title='bbox 840 2222 1111 2269; x_wconf 74' lang='lat' dir='ltr'>Detlefsenus,</span> <span class='ocrx_word' id='word_1_152' title='bbox 1154 2223 1429 2272; x_wconf 83' lang='lat' dir='ltr'>germanicae</span> <span class='ocrx_word' id='word_1_153' title='bbox 1453 2223 1505 2269; x_wconf 86' lang='lat' dir='ltr'>F,</span> <span class='ocrx_word' id='word_1_154' title='bbox 1548 2221 1796 2271; x_wconf 79' lang='lat' dir='ltr'>germaniae</span> <span class='ocrx_word' id='word_1_155' title='bbox 1823 2220 1901 2258; x_wconf 58' lang='lat' dir='ltr'>Bm.</span> 
     </span>
     <span class='ocr_line' id='line_1_25' title="bbox 487 2292 1718 2343; baseline -0.002 -11"><span class='ocrx_word' id='word_1_156' title='bbox 487 2297 524 2332; x_wconf 82' lang='lat'>8.</span> <span class='ocrx_word' id='word_1_157' title='bbox 562 2294 743 2331; x_wconf 80' lang='lat' dir='ltr'>serilam</span> <span class='ocrx_word' id='word_1_158' title='bbox 775 2293 830 2340; x_wconf 89' lang='grc' dir='ltr'>Β,</span> <span class='ocrx_word' id='word_1_159' title='bbox 878 2294 1112 2331; x_wconf 82' lang='lat' dir='ltr'>oserietam</span> <span class='ocrx_word' id='word_1_160' title='bbox 1144 2294 1196 2339; x_wconf 83' lang='lat' dir='ltr'>F,</span> <span class='ocrx_word' id='word_1_161' title='bbox 1243 2304 1329 2343; x_wconf 84' lang='lat' dir='ltr'>que</span> <span class='ocrx_word' id='word_1_162' title='bbox 1364 2304 1460 2332; x_wconf 89' lang='lat' dir='ltr'>eam</span> <span class='ocrx_word' id='word_1_163' title='bbox 1485 2293 1651 2332; x_wconf 84' lang='lat' dir='ltr'>cedron</span> <span class='ocrx_word' id='word_1_164' title='bbox 1675 2292 1718 2331; x_wconf 89' lang='lat' dir='ltr'>L.</span> 
     </span>
    </p>
   </div>
   <div class='ocr_carea' id='block_1_7' title="bbox 371 2362 1907 2545">
    <p class='ocr_par' dir='ltr' id='par_1_7' title="bbox 371 2362 1907 2545">
     <span class='ocr_line' id='line_1_26' title="bbox 372 2362 1905 2414; baseline -0.003 -12"><span class='ocrx_word' id='word_1_165' title='bbox 372 2365 509 2403; x_wconf 72' lang='lat' dir='ltr'>fluere</span> <span class='ocrx_word' id='word_1_166' title='bbox 536 2365 582 2403; x_wconf 91' lang='lat' dir='ltr'>B.</span> <span class='ocrx_word' id='word_1_167' title='bbox 792 2367 859 2411; x_wconf 78' lang='lat'>40,</span> <span class='ocrx_word' id='word_1_168' title='bbox 892 2367 992 2403; x_wconf 74' lang='lat'><strong>1—-4</strong></span> <span class='ocrx_word' id='word_1_169' title='bbox 1029 2365 1146 2414; x_wconf 82' lang='lat' dir='ltr'>gigni</span> <span class='ocrx_word' id='word_1_170' title='bbox 1171 2375 1237 2402; x_wconf 84' lang='lat' dir='ltr'>om</span> <span class='ocrx_word' id='word_1_171' title='bbox 1260 2365 1306 2403; x_wconf 91' lang='grc' dir='ltr'>Β.</span> <span class='ocrx_word' id='word_1_172' title='bbox 1475 2366 1513 2401; x_wconf 78' lang='lat'>2.</span> <span class='ocrx_word' id='word_1_173' title='bbox 1552 2362 1816 2402; x_wconf 83' lang='lat' dir='ltr'>et—vocari</span> <span class='ocrx_word' id='word_1_174' title='bbox 1841 2372 1905 2400; x_wconf 83' lang='lat' dir='ltr'>om</span> 
     </span>
     <span class='ocr_line' id='line_1_27' title="bbox 371 2434 1907 2482; baseline -0.002 -9"><span class='ocrx_word' id='word_1_175' title='bbox 371 2447 410 2474; x_wconf 81' lang='grc' dir='ltr'>(ι.</span> <span class='ocrx_word' id='word_1_176' title='bbox 516 2438 557 2474; x_wconf 88' lang='lat' dir='ltr'>et</span> <span class='ocrx_word' id='word_1_177' title='bbox 580 2436 625 2482; x_wconf 84' lang='lat' dir='ltr'>F,</span> <span class='ocrx_word' id='word_1_178' title='bbox 661 2447 726 2474; x_wconf 90' lang='lat' dir='ltr'>om</span> <span class='ocrx_word' id='word_1_179' title='bbox 747 2436 793 2474; x_wconf 91' lang='lat' dir='ltr'>L.</span> <span class='ocrx_word' id='word_1_180' title='bbox 887 2435 1030 2475; x_wconf 87' lang='lat' dir='ltr'>thium</span> <span class='ocrx_word' id='word_1_181' title='bbox 1059 2435 1241 2481; x_wconf 61' lang='lat' dir='ltr'>Urlichs,</span> <span class='ocrx_word' id='word_1_182' title='bbox 1282 2435 1453 2473; x_wconf 82' lang='lat' dir='ltr'>thieum</span> <span class='ocrx_word' id='word_1_183' title='bbox 1476 2435 1529 2481; x_wconf 89' lang='lat' dir='ltr'>L,</span> <span class='ocrx_word' id='word_1_184' title='bbox 1576 2434 1667 2472; x_wconf 88' lang='lat' dir='ltr'>ium</span> <span class='ocrx_word' id='word_1_185' title='bbox 1692 2434 1735 2473; x_wconf 89' lang='lat' dir='ltr'>F.</span> <span class='ocrx_word' id='word_1_186' title='bbox 1828 2443 1907 2471; x_wconf 68' lang='lat' dir='ltr'>ve-</span> 
     </span>
     <span class='ocr_line' id='line_1_28' title="bbox 371 2503 1906 2545; baseline -0.002 -2"><span class='ocrx_word' id='word_1_187' title='bbox 371 2517 442 2545; x_wconf 78' lang='lat' dir='ltr'>ros</span> <span class='ocrx_word' id='word_1_188' title='bbox 465 2507 536 2545; x_wconf 83' lang='lat' dir='ltr'>Fa.</span> <span class='ocrx_word' id='word_1_189' title='bbox 659 2517 835 2545; x_wconf 68' lang='lat' dir='ltr'>sacrum</span> <span class='ocrx_word' id='word_1_190' title='bbox 857 2507 902 2545; x_wconf 89' lang='lat' dir='ltr'>L.</span> <span class='ocrx_word' id='word_1_191' title='bbox 1087 2510 1125 2543; x_wconf 86' lang='lat'>3.</span> <span class='ocrx_word' id='word_1_192' title='bbox 1163 2506 1359 2544; x_wconf 88' lang='lat' dir='ltr'>nascitur</span> <span class='ocrx_word' id='word_1_193' title='bbox 1381 2506 1424 2543; x_wconf 94' lang='lat' dir='ltr'>L.</span> <span class='ocrx_word' id='word_1_194' title='bbox 1619 2507 1656 2543; x_wconf 75' lang='lat'>4.</span> <span class='ocrx_word' id='word_1_195' title='bbox 1693 2515 1745 2542; x_wconf 72' lang='lat' dir='ltr'>ex</span> <span class='ocrx_word' id='word_1_196' title='bbox 1768 2503 1906 2541; x_wconf 87' lang='lat' dir='ltr'>humo</span> 
     </span>
    </p>
   </div>
   <div class='ocr_carea' id='block_1_8' title="bbox 371 2573 1907 2981">
    <p class='ocr_par' dir='ltr' id='par_1_8' title="bbox 371 2573 1907 2629">
     <span class='ocr_line' id='line_1_29' title="bbox 371 2573 1907 2629; baseline -0.003 -14"><span class='ocrx_word' id='word_1_197' title='bbox 371 2577 645 2626; x_wconf 77' lang='lat' dir='ltr'>Detlefsenus,</span> <span class='ocrx_word' id='word_1_198' title='bbox 682 2588 735 2615; x_wconf 77' lang='lat' dir='ltr'>ex</span> <span class='ocrx_word' id='word_1_199' title='bbox 775 2578 878 2616; x_wconf 75' lang='lat' dir='ltr'>vino</span> <span class='ocrx_word' id='word_1_200' title='bbox 900 2577 958 2629; x_wconf 49' lang='grc' dir='ltr'>ψ’,-</span> <span class='ocrx_word' id='word_1_201' title='bbox 991 2589 1058 2616; x_wconf 84' lang='lat' dir='ltr'>om</span> <span class='ocrx_word' id='word_1_202' title='bbox 1078 2588 1123 2615; x_wconf 63' lang='lat' dir='ltr'>x.</span> <span class='ocrx_word' id='word_1_203' title='bbox 1222 2575 1464 2626; x_wconf 75' lang='lat' dir='ltr'>Sophocles</span> <span class='ocrx_word' id='word_1_204' title='bbox 1491 2576 1665 2621; x_wconf 63' lang='lat' dir='ltr'>Urlichs,</span> <span class='ocrx_word' id='word_1_205' title='bbox 1721 2573 1907 2612; x_wconf 84' lang='lat' dir='ltr'>sofocles</span> 
     </span>
    </p>

    <p class='ocr_par' dir='ltr' id='par_1_9' title="bbox 371 2646 1907 2770">
     <span class='ocr_line' id='line_1_30' title="bbox 371 2646 1902 2699; baseline -0.003 -13"><span class='ocrx_word' id='word_1_206' title='bbox 371 2652 501 2699; x_wconf 85' lang='lat' dir='ltr'>poeta</span> <span class='ocrx_word' id='word_1_207' title='bbox 536 2649 725 2698; x_wconf 76' lang='lat' dir='ltr'>tragicus</span> <span class='ocrx_word' id='word_1_208' title='bbox 756 2648 812 2695; x_wconf 88' lang='grc' dir='ltr'>Β,</span> <span class='ocrx_word' id='word_1_209' title='bbox 860 2648 1092 2698; x_wconf 65' lang='lat' dir='ltr'>sophocles</span> <span class='ocrx_word' id='word_1_210' title='bbox 1138 2647 1329 2696; x_wconf 76' lang='lat' dir='ltr'>tragicus</span> <span class='ocrx_word' id='word_1_211' title='bbox 1366 2646 1570 2696; x_wconf 69' lang='lat' dir='ltr'>{tragigus</span> <span class='ocrx_word' id='word_1_212' title='bbox 1605 2646 1649 2693; x_wconf 67' lang='lat' dir='ltr'>Fj·</span> <span class='ocrx_word' id='word_1_213' title='bbox 1696 2647 1822 2695; x_wconf 84' lang='lat' dir='ltr'>poeta</span> <span class='ocrx_word' id='word_1_214' title='bbox 1855 2655 1902 2682; x_wconf 76' lang='lat' dir='ltr'>x.</span> 
     </span>
     <span class='ocr_line' id='line_1_31' title="bbox 497 2714 1907 2770; baseline -0.003 -14"><span class='ocrx_word' id='word_1_215' title='bbox 497 2722 533 2757; x_wconf 89' lang='lat'>6.</span> <span class='ocrx_word' id='word_1_216' title='bbox 571 2719 803 2769; x_wconf 84' lang='lat' dir='ltr'>principali</span> <span class='ocrx_word' id='word_1_217' title='bbox 846 2719 1128 2770; x_wconf 59' lang='lat' dir='ltr'>Decies-senus,</span> <span class='ocrx_word' id='word_1_218' title='bbox 1174 2718 1280 2755; x_wconf 87' lang='lat' dir='ltr'>alias</span> <span class='ocrx_word' id='word_1_219' title='bbox 1314 2716 1545 2768; x_wconf 82' lang='lat' dir='ltr'>principali</span> <span class='ocrx_word' id='word_1_220' title='bbox 1580 2716 1633 2764; x_wconf 87' lang='lat' dir='ltr'>L,</span> <span class='ocrx_word' id='word_1_221' title='bbox 1669 2715 1774 2754; x_wconf 79' lang='lat' dir='ltr'>alias</span> <span class='ocrx_word' id='word_1_222' title='bbox 1813 2714 1907 2764; x_wconf 66' lang='lat' dir='ltr'>(alia</span> 
     </span>
    </p>

    <p class='ocr_par' dir='ltr' id='par_1_10' title="bbox 373 2784 1703 2840">
     <span class='ocr_line' id='line_1_32' title="bbox 373 2784 1703 2840; baseline -0.005 -10"><span class='ocrx_word' id='word_1_223' title='bbox 373 2792 410 2839; x_wconf 55' lang='lat' dir='ltr'>F,</span> <span class='ocrx_word' id='word_1_224' title='bbox 450 2790 641 2840; x_wconf 84' lang='lat' dir='ltr'>principi</span> <span class='ocrx_word' id='word_1_225' title='bbox 676 2790 755 2828; x_wconf 60' lang='lat' dir='ltr'>Bae.</span> <span class='ocrx_word' id='word_1_226' title='bbox 964 2793 1002 2827; x_wconf 84' lang='lat'>8.</span> <span class='ocrx_word' id='word_1_227' title='bbox 1039 2788 1346 2838; x_wconf 67' lang='lat' dir='ltr'>fie1·i]ssuvere</span> <span class='ocrx_word' id='word_1_228' title='bbox 1370 2787 1437 2835; x_wconf 78' lang='lat'>13¹,</span> <span class='ocrx_word' id='word_1_229' title='bbox 1474 2787 1611 2825; x_wconf 80' lang='lat' dir='ltr'>fluere</span> <span class='ocrx_word' id='word_1_230' title='bbox 1636 2784 1703 2825; x_wconf 77' lang='lat' dir='ltr'>B2.</span> 
     </span>
    </p>

    <p class='ocr_par' dir='ltr' id='par_1_11' title="bbox 371 2857 1902 2909">
     <span class='ocr_line' id='line_1_33' title="bbox 371 2857 1902 2909; baseline -0.002 -11"><span class='ocrx_word' id='word_1_231' title='bbox 371 2864 409 2899; x_wconf 78' lang='lat'>9.</span> <span class='ocrx_word' id='word_1_232' title='bbox 447 2860 740 2899; x_wconf 76' lang='lat' dir='ltr'>defluentium</span> <span class='ocrx_word' id='word_1_233' title='bbox 767 2859 865 2898; x_wconf 74' lang='lat' dir='ltr'>B³F.</span> <span class='ocrx_word' id='word_1_234' title='bbox 1074 2862 1141 2906; x_wconf 80' lang='grc'>41,</span> <span class='ocrx_word' id='word_1_235' title='bbox 1171 2862 1208 2897; x_wconf 88' lang='grc'>3.</span> <span class='ocrx_word' id='word_1_236' title='bbox 1246 2869 1379 2909; x_wconf 83' lang='lat' dir='ltr'>quain</span> <span class='ocrx_word' id='word_1_237' title='bbox 1403 2869 1448 2896; x_wconf 74' lang='lat' dir='ltr'>se</span> <span class='ocrx_word' id='word_1_238' title='bbox 1476 2858 1519 2896; x_wconf 90' lang='grc' dir='ltr'>Β.</span> <span class='ocrx_word' id='word_1_239' title='bbox 1568 2864 1589 2869; x_wconf 62' lang='grc'><strong>“</strong></span> <span class='ocrx_word' id='word_1_240' title='bbox 1631 2858 1829 2908; x_wconf 87' lang='lat' dir='ltr'>reperire</span> <span class='ocrx_word' id='word_1_241' title='bbox 1856 2857 1902 2902; x_wconf 83' lang='grc' dir='ltr'>Β,</span> 
     </span>
    </p>

    <p class='ocr_par' dir='ltr' id='par_1_12' title="bbox 371 2930 925 2981">
     <span class='ocr_line' id='line_1_34' title="bbox 371 2930 925 2981; baseline -0.002 -11"><span class='ocrx_word' id='word_1_242' title='bbox 371 2931 541 2981; x_wconf 86' lang='lat' dir='ltr'>reperri</span> <span class='ocrx_word' id='word_1_243' title='bbox 565 2930 608 2977; x_wconf 80' lang='lat' dir='ltr'>F,</span> <span class='ocrx_word' id='word_1_244' title='bbox 645 2931 862 2981; x_wconf 83' lang='lat' dir='ltr'>repperiri</span> <span class='ocrx_word' id='word_1_245' title='bbox 887 2942 925 2969; x_wconf 86' lang='grc' dir='ltr'>α.</span> 
     </span>
    </p>
   </div>
  </div>
 </body>
</html>
