2048 3275
839 217 1106 251 nxcssnrn.
1647 206 1736 254 151

301 356 514 408 Claudio
575 358 729 424 igitur
796 360 1069 424 scriptores
1126 357 1424 420 adulatum,
1490 361 1577 423 qui
1637 358 1738 410 duo
1772 368 1803 412 8

196 450 332 499 inilia
375 451 584 499 navium
626 449 963 499 barbararum
1017 459 1065 499 ct
1104 458 1327 501 trecenta
1372 452 1549 517 viginti
1608 452 1744 502 milia

197 551 511 593 armatorum
552 541 746 592 delevit
773 544 1027 608 oppressit
1055 542 1285 605 adtrivit,
1312 545 1399 608 qui
1429 545 1746 609 carraginem

198 643 420 696 tantam,
468 644 715 700 quantam
757 652 1006 685 numerus
1053 636 1134 684 hic
1182 644 1494 685 armatorum
1544 635 1749 685 sibimet

197 735 374 793 aptare
414 729 579 792 potuit
629 735 678 777 et
724 744 932 793 parare,
999 743 1137 777 nunc
1196 727 1562 791 incendesecit‚
1611 745 1748 778 nunc
1783 747 1804 782 5

198 836 315 869 cum
355 819 597 870 omnibus
637 821 841 870 familiis
881 821 1106 870 Romano
1134 821 1343 870 servitio
1372 819 1654 886 deputavit,
1697 829 1751 871 ut

200 911 414 962 docetur
452 912 685 962 eiusdem
715 913 926 978 epistola
957 929 1113 978 quam
1154 912 1220 962 ad
1249 913 1434 963 lulium
1471 914 1749 963 Brocchum

200 1006 403 1070 scripsit
462 1005 719 1069 Illyricum
788 1014 1038 1055 tuentem.
1157 1004 1432 1055 ‘Claudius
1512 1006 1746 1056 Broccho.

201 1096 492 1147 delevimus
550 1106 774 1147 trecenta
834 1099 1027 1163 viginta
1092 1099 1229 1147 milia
1271 1098 1579 1162 Gothorum,
1651 1097 1753 1148 (luo

203 1190 340 1238 milia
383 1192 594 1240 navium
636 1191 929 1240 mersimus.
975 1199 1108 1240 tecta
1148 1198 1268 1241 sunt
1308 1191 1519 1240 ssumina
1573 1192 1752 1252 scutiS,
1791 1209 1839 1244 4ο

205 1283 400 1347 spathis
441 1290 490 1331 et
530 1283 770 1332 lanceolis
810 1284 980 1332 omnia
1021 1283 1163 1333 litora
1192 1285 1551 1349 opperiuntur.
1613 1299 1755 1333 cam-

207 1376 261 1440 pi
300 1375 502 1425 ossihus
542 1376 700 1425 latent
736 1377 870 1438 tecti,
918 1376 1119 1425 nullum
1162 1378 1257 1426 iter
1295 1392 1483 1442 purum
1527 1383 1618 1426 est.
1676 1377 1758 1425 in—

204 1483 332 1533 gens
369 1484 576 1533 carrago
615 1467 819 1518 deserta
877 1476 979 1518 est:
1037 1477 1236 1519 tantum
1288 1469 1563 1519 mulierum
1615 1469 1759 1534 cepi-

209 1577 324 1610 mus
363 1568 420 1610 ut
456 1560 607 1611 binas
662 1568 711 1609 et
751 1569 925 1610 ternas
966 1562 1210 1611 mulieres
1261 1563 1422 1611 victor
1460 1561 1557 1611 sihi
1611 1561 1760 1611 miles

210 1654 371 1718 possit
427 1652 749 1718 adiungere.’
801 1683 872 1688 —
920 1661 1206 1719 pugnatum
1265 1662 1343 1704 est
1415 1655 1555 1703 enim
1615 1653 1755 1719 apud
1788 1668 1824 1714 9

212 1747 405 1795 Moesos
445 1754 494 1794 et
533 1746 690 1795 multa
739 1746 931 1811 proelia
973 1746 1185 1797 suerunt
1223 1745 1363 1812 apud
1413 1748 1760 1812 Marcianopo-

209 1838 305 1900 lin,
352 1837 497 1887 multi
539 1837 802 1903 naufragio
854 1840 1145 1904 perierunt,
1205 1839 1440 1904 plerique
1481 1841 1615 1904 capti
1670 1856 1761 1888 re-

208 1946 327 1996 ges,
392 1939 569 1996 captae
611 1929 932 1980 diversarum
987 1933 1217 1997 gentium
1267 1931 1465 1981 nobiles
1518 1931 1755 1994 feminae,

210 2023 433 2088 inpletae
471 2023 706 2073 barbaris
755 2025 922 2073 servis
971 2024 1291 2088 senibusque
1340 2023 1623 2074 cultoribus
1663 2025 1763 2073 Ro-
1797 2041 1818 2076 5

211 2131 394 2165 manae
435 2117 752 2181 provinciae.
844 2116 1008 2166 sactus
1048 2117 1196 2166 miles
1247 2132 1312 2165 ex
1372 2115 1617 2179 barbaro,
1677 2133 1764 2166 co-

212 2208 360 2257 lonus
411 2224 439 2256 e
479 2209 664 2272 Gotho,
732 2225 826 2257 nee
867 2209 967 2258 ulla
1022 2209 1115 2259 suit
1168 2211 1305 2275 regio
1357 2224 1489 2273 quae
1542 2209 1762 2258 Gothum

209 2315 420 2350 servum
472 2301 768 2366 triumphali
819 2301 1043 2365 quodam
1102 2303 1310 2352 servitio
1375 2318 1475 2351 non
1530 2301 1757 2350 haberet.

215 2392 340 2456 quid
405 2393 560 2443 boum
627 2393 964 2443 barbarorum
1031 2395 1189 2444 nostri
1255 2393 1434 2444 videre
1511 2394 1757 2444 maiores!

214 2484 340 2549 quid
380 2486 578 2536 ovium!
650 2485 776 2549 quid
824 2501 1105 2551 equarum,
1166 2503 1295 2551 quas
1334 2486 1468 2537 sama
1509 2486 1758 2549 nobilitat,
1804 2505 1850 2538 ιο

331 2744 369 2788 8,
398 2744 435 2781 ⁴.
471 2742 711 2781 adulamur
736 2743 782 2782 B.
905 2745 944 2781 5.
984 2741 1282 2782 incendesccit
1309 2741 1570 2789 Salmasius,
1610 2744 1767 2782 incen-

212 2811 393 2852 diasecit
573 2817 610 2852 7.
648 2813 777 2853 (locet
803 2813 848 2854 B.
1020 2816 1085 2852 Η.
1123 2814 1260 2865 spatis
1430 2817 1496 2853 ⁴2.
1534 2818 1603 2853 est
1624 2825 1692 2853 om
1719 2815 1764 2854 B.

329 2886 370 2930 9,
398 2887 437 2921 2.
476 2895 647 2923 messos
671 2884 717 2923 B.
843 2884 1210 2936 marcianopolim
1234 2885 1278 2925 P.
1434 2888 1473 2924 6.
1512 2885 1640 2924 miles
1664 2884 1770 2924 bar-

217 2952 328 3002 bari,
364 2965 464 2994 corr
487 2955 787 2995 Mommsenus.
978 2960 1019 2995 9.
1056 2954 1223 2995 bonum
1251 2957 1296 2999 B.
1334 2955 1540 2996 bo·umP.
