2048 3275
253 497 299 537 61

339 151 436 201 118
762 167 1034 200 PTOLEMAEI
1072 167 1168 200 LIB.
1202 167 1236 199 11
1275 168 1316 200 c.
1352 168 1413 200 lx.

332 324 389 356 eo
431 306 552 356 elidi
580 315 629 356 et
664 306 840 355 morbo
881 307 1017 371 regio
1057 308 1310 369 succurri⁷
1369 308 1411 356 si
1450 323 1514 355 ex
1551 307 1670 355 vino
1706 307 1859 357 biba-

333 408 415 448 tur
454 406 540 448 aut
577 406 836 463 spectetur
873 399 1043 446 etiam.

345 490 443 557 (15)
482 530 491 540 .
531 530 540 539 .
578 529 588 539 .
632 490 839 562 adamas
879 498 930 539 et
964 506 1165 539 xenena
1201 491 1359 539 vincit
1401 531 1409 540 .
1450 529 1458 539 .
1497 530 1506 539 .
1549 489 1859 540 Metrodorus

336 584 573 648 Scepsius
612 585 663 631 in
693 580 883 632 >eadem
922 583 1191 632 Germania
1231 583 1411 632 Basilia
1450 584 1616 632 insula
1643 583 1782 632 nasci
1808 584 1861 631 in

338 692 437 740 qua
477 684 526 724 et
562 677 797 725 sucinum
837 676 989 738 solus7
1037 673 1174 738 quod
1213 674 1452 739 equidem
1496 676 1732 740 legerim,
1781 675 1861 724 di-

340 769 406 817 cit
457 776 506 816 et
554 768 774 832 praefert
825 767 1074 816 Arabicis.
1155 766 1293 831 quod
1346 783 1456 816 esse
1514 767 1696 817 falsum
1749 769 1863 831 quis

338 860 533 910 dubitet
555 862 577 908 Ῥ

392 1186 641 1237 CLAVDII
680 1186 1032 1235 PTOLEMAEI
1073 1186 1563 1236 GEOGRAPHICAE
1600 1186 1807 1236 ENAR-

692 1280 985 1328 RATIONIS
1024 1281 1139 1328 LIB.
1173 1282 1212 1328 Π
1254 1279 1387 1328 CAP.
1421 1281 1504 1328 IX.

831 1403 1140 1460 [ΒΕΛΓΙΚΗΣ
1176 1403 1380 1460 emis]

846 1530 1088 1603 Εὐρώπης
1126 1533 1265 1591 πίναξ
1291 1534 1354 1603 γ’.

452 1647 550 1717 Τῆς
605 1647 656 1699 δὲ
710 1645 954 1716 Βελγικῆς
1005 1647 1217 1706 Γαλλίας
1279 1644 1309 1716 ᾗ
1376 1647 1459 1716 μὲν
1525 1645 1619 1698 ἀπὸ
1686 1643 1869 1705 δόσεως

342 1739 529 1810 πλευρὰ
570 1739 653 1792 καὶ
705 1738 838 1809 παρὰ
886 1738 971 1809 τὴν
1014 1740 1410 1809 Λουγόουνησίαν
1452 1738 1669 1810 εἴρηται·
1746 1736 1776 1808 ἦ
1820 1737 1860 1790 δ’

458 1972 524 2017 61,
565 1973 687 2009 4-5,
724 1968 1257 2008 Metrodorus—dubitet
1289 1980 1354 2009 om
1377 1970 1423 2008 Β.
1612 1972 1651 2007 Ξ.
1689 1969 1870 2008 abalista

343 2040 388 2088 F,
422 2039 578 2079 balista
602 2041 675 2081 La.
837 2045 875 2079 3.
911 2040 1093 2091 quod—
1109 2040 1216 2079 dicit
1238 2052 1304 2079 om
1326 2052 1363 2080 α.
1526 2042 1561 2079 4.
1598 2040 1717 2090 quod
1739 2050 1805 2078 om
1828 2051 1867 2078 a.

457 2113 485 2151 A
536 2113 666 2150 codex
696 2113 783 2151 Pici
812 2111 1104 2150 Mirandulam·
1135 2122 1174 2149 a.
1211 2121 1344 2149 MDVIH
1387 2111 1440 2150 ad
1469 2111 1664 2150 Iacobum
1696 2110 1875 2151 AEszle-

342 2194 443 2222 rum
464 2184 739 2233 Arqeniinam
759 2185 926 2231 missu-s,
973 2184 1094 2221 cuius
1125 2193 1233 2231 quae
1255 2186 1395 2231 aperte
1425 2184 1537 2235 falsa
1557 2186 1632 2222 aut
1661 2186 1769 2221 certe
1790 2183 1874 2220 mi-

344 2265 422 2293 nus
449 2254 683 2303 probabilia
712 2258 829 2301 sunt,
873 2257 950 2293 aut
988 2254 1198 2292 asteriscis
1234 2253 1382 2291 notabo
1424 2257 1498 2292 aut
1527 2254 1609 2292 huc
1648 2255 1764 2305 infra
1795 2254 1875 2291 ad-

343 2325 523 2364 scribam
546 2325 610 2364 vel
641 2326 756 2364 nullo
779 2325 916 2364 addito
947 2325 1064 2374 stylo,
1104 2326 1315 2374 ceteroqui
1335 2326 1510 2374 vulgata
1541 2326 1709 2363 lectione
1739 2324 1874 2363 ubivis

345 2397 550 2446 apposita.
615 2397 663 2435 M
688 2397 900 2435 Marciani
919 2396 1207 2434 Heracleensis
1225 2397 1414 2445 periplus
1438 2397 1479 2434 in
1507 2395 1705 2435 CMulleri
1725 2406 1870 2446 qeoqr.

345 2469 447 2506 min..
473 2471 570 2506 lom.
600 2468 634 2505 ΙΙ
657 2470 736 2506 553
760 2479 846 2517 sqq.
911 2467 945 2505 Β
976 2467 1106 2505 codex
1126 2466 1284 2505 Atheus
1304 2468 1352 2505 ut
1371 2467 1440 2506 Fr.
1466 2467 1694 2506 Dubnerus
1717 2468 1877 2506 censuit

347 2542 440 2577 ante
462 2549 501 2577 a.
531 2548 611 2576 mcc
633 2540 825 2587 scriptus.
918 2548 951 2575 x
983 2537 1140 2576 codices
1162 2538 1346 2577 Parisini
1376 2538 1540 2576 abcde
1550 2536 1573 2585 f
1581 2537 1614 2576 G
1637 2541 1674 2576 et
1693 2538 1875 2577 Palatini

343 2606 448 2658 p¹p2
477 2609 696 2660 Wilberqii
724 2611 772 2659 (et
794 2608 983 2648 Siclsleri?
1019 2612 1091 2647 aut
1124 2619 1264 2647 omnes
1295 2613 1369 2647 aut
1395 2609 1597 2657 plurimi,
1634 2612 1744 2648 inter
1774 2619 1877 2658 quos

355 2679 389 2719 G
410 2682 438 2718 i.
466 2690 498 2718 e.
525 2680 662 2719 Paris.
690 2682 797 2718 2423
823 2690 932 2718 saec.
959 2690 1034 2717 xm
1056 2683 1257 2718 vetustate
1289 2679 1342 2718 ad
1364 2679 1410 2726 B,
1446 2679 1581 2719 verbis
1612 2690 1661 2718 ac
1688 2681 1877 2718 numeris

348 2761 443 2789 cum
473 2761 493 2789 e
525 2751 649 2799 elp1‚
684 2753 820 2791 Paris.
852 2752 955 2788 *1403
979 2755 1017 2789 et
1041 2751 1172 2789 Palat.
1198 2751 1220 2788 I
1237 2749 1466 2800 Sylbuiyii,
1501 2762 1526 2789 a
1547 2750 1744 2788 Michaeie
1766 2750 1878 2799 Apo-

349 2823 469 2860 stolio
496 2832 603 2860 saec.
630 2833 682 2860 xv
706 2826 887 2871 utroque
919 2823 1087 2870 scripto,
1125 2821 1301 2871 aliisque
1327 2823 1486 2870 passim
1517 2822 1571 2859 ad
1601 2821 1682 2859 ΑΜ
1702 2823 1879 2870 propius

351 2892 521 2931 accedit.
545 2894 651 2943 conf,
668 2893 897 2932 Mulierum
920 2893 960 2931 ll.
985 2903 1029 2942 p.
1048 2902 1210 2930 cxxxlv.
1319 2886 1495 2935 Γαλλίας
1514 2887 1722 2946 Βελγικῆς
1741 2888 1780 2932 θ.
1801 2892 1872 2930 Bd.
