2048 3275
786 239 1056 272 ommam.
1636 224 1693 272 17

138 381 333 441 eligunt
374 380 506 429 seras
546 388 595 428 et
633 379 858 429 detracta
896 380 1148 427 velamina
1192 387 1438 443 spargunt
1480 380 1693 428 maculis

138 473 468 539 pellibusque
509 472 780 521 beluarum
833 488 962 536 quas
1003 473 1225 520 exterior
1263 471 1498 520 Oceanus
1538 481 1690 535 atque

143 568 368 631 ignotum
408 581 547 614 mare
588 567 764 630 gignit.
834 582 928 614 nec
968 565 1098 613 alius
1138 564 1343 612 seminis
1382 581 1535 628 quam
1569 567 1690 613 viris
1728 569 1774 604 ⁴0

140 658 361 718 habitus,
411 660 506 706 nisi
549 657 684 722 quod
728 658 949 707 feminae
991 658 1196 721 saepius
1237 657 1387 705 lineis
1417 657 1692 706 amictibus

140 752 392 811 velantur,
440 767 630 815 cosque
658 767 885 816 purpura
916 752 1116 799 variant
1146 757 1448 813 partemque
1480 752 1692 798 vestitus

138 845 416 909 superioris
456 846 506 892 in
538 845 764 892 manicas
792 860 892 892 non
921 841 1226 904 extendunt,
1274 841 1445 891 nudae
1483 842 1688 891 brachia

138 954 194 985 ac
237 937 475 986 lacertos:
533 935 623 985 sed
665 945 711 985 et
751 938 983 1001 proxima
1025 952 1143 999 pars
1182 937 1400 1000 pectoris
1440 943 1596 999 patet.

245 1044 558 1093 quamquam
611 1045 788 1077 severa
842 1029 946 1077 illic
999 1029 1337 1089 matrimonia,
1398 1043 1492 1076 nec
1533 1027 1775 1076 ullamlS

140 1138 337 1170 morum
391 1132 587 1186 partem
640 1124 802 1187 magis
854 1121 1164 1171 laudaveris.
1235 1137 1351 1169 nam
1393 1137 1551 1185 prope
1599 1121 1690 1169 soli

138 1214 479 1263 barbarorum
542 1215 758 1280 singulis
810 1213 1061 1263 uxoribus
1112 1215 1336 1262 contenti
1387 1221 1532 1273 sunt,
1598 1230 1690 1261 ex-

138 1309 299 1372 eeptis
349 1306 629 1356 admodum
672 1308 877 1372 paucis,
926 1308 1013 1370 qui
1054 1322 1156 1354 non
1197 1305 1443 1367 libidine,
1491 1305 1582 1354 sed
1624 1306 1688 1354 ol)

137 1399 455 1448 nobilitatem
485 1400 721 1464 plurimis
762 1401 957 1464 nuptiis
997 1399 1317 1448 ambiuntur.
1375 1398 1546 1448 dotem
1589 1415 1687 1447 non
1724 1414 1745 1448 5

138 1508 267 1541 uxor
306 1494 511 1549 marito,
573 1491 665 1542 sed
716 1494 863 1542 uxori
920 1494 1132 1541 maritus
1187 1492 1347 1540 offert.
1433 1494 1691 1540 intersunt

138 1593 377 1650 parentes
417 1593 467 1633 et
505 1587 782 1650 propinqui
823 1601 880 1633 ac
922 1601 1135 1634 munera
1178 1584 1423 1649 probant,
1474 1601 1688 1633 munera

137 1694 237 1727 non
265 1677 329 1726 ad
371 1677 582 1727 delicias
610 1677 892 1727 muliebres
929 1679 1159 1741 quaesita
1202 1693 1295 1726 nec
1324 1677 1517 1741 quibus
1557 1694 1688 1733 nova

137 1779 296 1835 nupta
348 1779 604 1832 comatur,
664 1769 756 1819 sed
797 1770 958 1819 hoves
998 1780 1047 1819 et
1098 1770 1353 1820 frenatum
1407 1787 1600 1835 equum
1642 1779 1688 1819 et

135 1873 336 1913 scutum
389 1880 505 1912 eum
557 1863 747 1912 framea
797 1862 1086 1928 gladioque.
1179 1865 1229 1911 in
1289 1865 1414 1912 haee
1473 1880 1686 1912 munera
1727 1879 1773 1913 lo

134 1972 263 2005 uxor
290 1958 553 2021 accipitur,
600 1964 754 2020 atque
793 1957 1015 2005 invicem
1057 1958 1164 2021 ipsa
1193 1971 1452 2005 armorum
1493 1956 1688 2020 aliquid

137 2051 245 2098 viro
285 2050 447 2098 affert.
520 2050 611 2098 hoc
653 2051 937 2098 maximum
980 2049 1271 2110 vinculum,
1332 2049 1454 2098 baec
1501 2066 1686 2098 arcana

136 2158 295 2205 sacra,
342 2143 433 2191 hos
460 2143 754 2207 coniugales
789 2141 912 2191 deos
939 2142 1267 2191 arbitrantur.
1329 2159 1392 2190 ne
1421 2159 1474 2191 se
1505 2143 1689 2191 mulier

136 2243 275 2283 extra
307 2237 554 2283 virtutum
597 2236 928 2300 cogitationes
968 2243 1216 2298 extraque
1247 2235 1497 2284 bellorum
1539 2251 1688 2284 casus

134 2335 304 2391 putet,
362 2329 488 2393 ipsis
540 2329 834 2392 incipientis
876 2329 1182 2377 matrimonii
1224 2329 1466 2392 auspiciis
1507 2327 1686 2376 admo-
1724 2344 1770 2379 45

255 2559 318 2594 42.
358 2555 582 2595 vellantur
605 2557 647 2596 C.

253 2629 316 2667 lS,
347 2630 382 2665 l.
420 2627 563 2666 ullarfi
587 2640 642 2677 pr·
673 2629 708 2666 b.
893 2630 928 2667 4.
959 2629 1015 2667 ob
1041 2629 1271 2667 libidinem
1298 2629 1340 2669 C.
1523 2631 1561 2667 5.
1589 2640 1685 2666 am-

136 2697 314 2737 biontor
340 2698 379 2738 C.
508 2702 544 2736 7.
582 2704 625 2737 et
652 2699 757 2742 Boc,
793 2710 843 2738 ac
868 2699 890 2738 b
911 2705 949 2738 et
974 2701 1193 2749 Haupems.
1276 2712 1326 2738 ac
1359 2710 1541 2739 munera
1571 2700 1684 2737 dele-

137 2773 286 2807 verunt
309 2769 605 2808 Lachmannus
637 2774 672 2809 et
697 2770 916 2818 Hauptius.
955 2781 1141 2810 munera
1177 2771 1372 2810 Haasius.
1496 2777 1531 2809 8.
1571 2770 1684 2808 deli-

134 2840 217 2878 tias
247 2839 314 2880 Cc.
428 2844 467 2878 9.
495 2842 690 2891 equmC.
788 2845 853 2880 40.
882 2853 1066 2881 munere
1095 2841 1134 2881 C.
1255 2845 1318 2880 tt.
1347 2841 1463 2892 ipfim
1493 2840 1536 2880 C.
1601 2841 1684 2879 ali-

133 2911 241 2961 quid
262 2911 333 2957 Bb,
372 2912 414 2950 id
438 2910 480 2958 C,
519 2915 541 2950 a
567 2923 600 2950 c.
718 2915 784 2951 ⁴2.
814 2913 897 2952 hoc
924 2914 994 2959 Bb,
1033 2913 1112 2961 hec
1140 2914 1207 2954 Cc.
1336 2916 1398 2951 ¹5.
1428 2913 1684 2963 incipienti-

133 2981 263 3022 busb.
329 2983 536 3034 auspitiis
560 2982 602 3023 C.

1486 3073 1507 3107 2
