2048 3275
580 232 638 266 ns
681 232 833 265 nuto
878 233 1281 266 n.ta‹:(ffl.tx·xi‹:‹›.
1609 220 1705 268 1⁴15

150 369 469 421 deditionem
521 373 931 434 MarcotnannOS‚
997 373 1233 437 plurimis
1274 375 1322 422 in
1367 375 1557 423 ltaliam
1600 384 1703 424 tra-

154 461 339 513 ductis.
378 503 387 512 .
425 503 435 512 .
481 463 623 513 multi
667 463 865 513 nobiles
904 464 1038 512 bello
1084 466 1384 514 Germanico
1426 468 1534 516 sive
1569 469 1700 516 Mar-

150 557 469 618 comannico,
518 557 639 605 imm
698 556 1036 622 plurimarum
1078 559 1324 622 gemituri,
1372 560 1696 609 interierunt.

159 647 528 713 ..frequenter
567 649 716 698 amici
756 656 1028 698 suaserunt
1071 659 1121 699 ut
1153 667 1178 697 a
1221 649 1369 698 bellis
1410 649 1695 700 diseederet

152 749 202 790 et
242 741 453 790 Romam
495 742 717 803 veniret⁷
763 741 854 791 setl
898 741 980 789 ille
1019 743 1323 806 contempsit
1363 759 1420 791 ae
1461 746 1694 808 perstitit,

155 849 250 882 nec
290 834 433 898 prius
473 834 681 882 recessit
736 849 888 898 quam
931 836 1097 883 omnia
1142 834 1272 883 bella
1328 834 1513 884 siniret.
1584 853 1703 901 pro-

156 926 352 975 vincias
393 942 456 975 ex
494 925 946 990 proconsularibus
994 926 1290 976 consulares
1339 936 1423 977 aut
1476 945 1537 976 ex
1579 945 1702 977 con—

152 1017 414 1068 sularibus
440 1019 830 1083 proconsulares
870 1027 953 1068 aut
994 1020 1273 1083 praetorias
1316 1036 1405 1084 pro
1447 1019 1565 1068 belli
1611 1037 1703 1068 ne-

155 1112 390 1161 cessitate
433 1111 589 1160 fecit.
626 1150 635 1159 .
677 1151 685 1159 .
733 1110 832 1159 filio
873 1110 1177 1162 Commodo.
1240 1114 1483 1161 accersito
1534 1112 1598 1161 ad
1642 1113 1703 1161 li-

155 1205 347 1265 mitem,
395 1212 559 1269 togam
602 1203 801 1252 virilem
848 1202 1008 1252 (ledit.

256 1336 265 1345 .
310 1295 500 1345 absens
527 1296 700 1361 populi
742 1297 953 1345 Romani
998 1297 1283 1361 voluptates
1334 1299 1498 1346 curari
1542 1299 1702 1347 vehe-

156 1397 357 1438 menter
396 1389 653 1454 praecepit
694 1404 786 1453 per
814 1387 1092 1438 ditissimos
1120 1388 1357 1439 editores.
1444 1389 1531 1439 fuit
1563 1392 1698 1439 enim

156 1482 342 1547 populo
384 1481 463 1530 hic
503 1497 688 1533 sermo,
736 1497 852 1530 eum
904 1482 1194 1531 sustulisset
1254 1481 1318 1530 atl
1359 1482 1552 1532 bellum
1595 1484 1703 1548 gla-

156 1574 393 1637 diatores,
442 1573 579 1638 quod
621 1573 868 1638 populum
909 1573 1124 1624 sublatis
1155 1574 1507 1640 voluptatibus
1549 1576 1701 1624 vellet

153 1683 334 1733 cogere
375 1665 439 1716 ad
481 1666 872 1732 philosophiam.
911 1705 919 1713 .
960 1707 967 1714 .

254 1798 264 1808 .
321 1760 629 1823 aequitatem
681 1767 852 1808 autem
907 1761 1058 1808 etiam
1113 1760 1242 1808 circa
1304 1768 1475 1824 captos
1535 1760 1705 1809 hostes

153 1850 449 1902 custodivit.
544 1851 767 1901 infinitos
819 1867 883 1900 ex
933 1851 1172 1916 gentibus
1226 1853 1275 1900 in
1336 1853 1561 1900 Romano
1601 1852 1705 1901 solo

153 1944 436 1994 collocavit.
529 1943 722 1994 fulmen
775 1943 839 1993 tle
889 1944 1028 1995 caelo
1081 1944 1323 2009 precibus
1375 1946 1481 1993 suis
1533 1954 1704 1992 eontra

156 2036 376 2086 hostium
417 2037 888 2086 machinamentum
942 2038 1180 2099 extorsit,
1245 2038 1353 2086 suis
1392 2037 1565 2102 pluvia
1609 2038 1707 2085 im-

154 2136 350 2194 petrata
390 2145 506 2179 cum
546 2130 628 2179 siti
669 2128 977 2179 laborarent.
1070 2130 1227 2179 voluit
1278 2131 1706 2179 Marcomanniam

156 2222 501 2287 provinciam,
559 2221 716 2271 voluit
757 2223 908 2271 etiam
951 2223 1255 2272 Sarmatiam
1298 2221 1494 2284 facere,
1543 2230 1587 2270 et
1632 2221 1708 2270 t'e-

155 2314 308 2364 cisset
358 2315 455 2362 nisi
500 2313 718 2364 Avidius
766 2313 973 2364 Cassius
1024 2314 1322 2364 rebellasset
1374 2313 1473 2363 sul)
1526 2312 1707 2362 eodem

1744 395 1786 427 lt]

1743 849 1786 884 ¹5

1735 1305 1800 1349 23

1738 1769 1802 1813 2⁴

1744 2146 1765 2180 5

159 2407 208 2455 in
262 2408 571 2456 oriente...
653 2406 826 2455 relicto
884 2422 1003 2471 ergo
1061 2407 1338 2457 Sarmatico
1395 2407 1711 2454 Marcoman-
1744 2411 1810 2454 25

157 2500 374 2564 nicoque
416 2499 549 2548 bello
589 2508 758 2548 contra
800 2499 1033 2548 Cassium
1077 2497 1335 2563 profectus
1376 2507 1470 2547 est.

259 2630 268 2639 .
332 2591 453 2641 dein
506 2590 568 2641 a‹l
629 2590 1005 2641 conficiendum
1057 2591 1253 2640 bellum
1313 2606 1600 2640 conversus
1659 2592 1708 2639 in

280 2822 347 2859 to.
383 2829 729 2859 marcomannus
757 2820 802 2861 B.
843 2830 943 2859 corr
967 2820 1010 2859 P.
1196 2821 1260 2857 Ν.
1289 2822 1329 2857 et
1355 2829 1422 2858 om
1450 2818 1494 2857 B.

274 2891 346 2933 23,
382 2892 423 2929 k.
460 2890 720 2942 voluptatis.
748 2902 850 2929 corr
872 2888 935 2929 ΡΖ.

274 2962 342 3006 24,
380 2963 419 2999 6.
455 2962 723 3001 sai-maetam
752 2962 796 3001 B.
954 2965 1022 3003 25.
1064 2963 1098 2998 t.
1136 2960 1303 2999 relecto
1343 2960 1387 2999 B.

1495 3048 1542 3081 40

1744 2592 1808 2637 27
