2048 3275
353 206 417 254 22
909 220 1138 253 CORNELII
1179 220 1338 252 uem

271 385 318 419 45
353 362 567 425 pectoris
606 361 808 408 licentia
847 361 959 408 ioci.
1018 376 1134 425 ergo
1174 359 1370 408 detecta
1411 368 1459 407 et
1497 358 1636 407 nuda
1665 358 1893 406 omnium

354 468 500 501 mens
547 461 748 518 postera
808 451 890 500 die
939 460 1270 501 retractatur:
1335 460 1385 500 et
1433 451 1573 500 salva
1622 451 1892 513 utriusque

354 545 599 609 temporis
625 545 750 593 ratio
791 553 890 602 θεῖς
940 544 1224 593 deliberant
1257 543 1380 592 dum
1415 543 1606 608 fingere
1635 544 1887 605 nesciunt,

355 638 668 686 constituunt
711 635 832 685 dum
875 652 1043 685 errare
1083 652 1185 685 non
1223 644 1457 700 possunt.

270 751 335 794 23
464 730 605 794 potui
645 729 827 776 humor
866 745 928 776 ex
964 728 1152 777 hordeo
1192 737 1276 777 aut
1316 728 1590 789 frumentQ
1635 729 1688 775 in
1729 742 1896 790 quan-

357 821 473 870 dam
515 819 903 870 similitudinem
929 822 1036 869 vini
1077 830 1371 885 corruptus:
1415 819 1633 884 proximi
1671 820 1812 882 ripae
1847 826 1895 866 et

356 915 535 962 vinum
586 922 897 961 mercantur.
967 912 1067 960 cibi
1117 913 1400 977 simplices.
1461 912 1676 976 agrestia
1720 926 1889 975 poma,

357 1023 536 1055 recens
576 1006 680 1054 fera
720 1013 803 1053 aut
844 1005 923 1052 lac
961 1014 1277 1053 concretum:
1324 1006 1434 1053 sine
1475 1012 1738 1068 apparatu,
1786 1003 1896 1051 sine

302 1113 322 1147 5
356 1097 724 1147 blandimentis
763 1097 1026 1161 expellunt
1067 1097 1274 1146 famem.
1331 1096 1581 1145 adversus
1620 1097 1755 1144 sit-im
1795 1110 1897 1143 non

359 1189 539 1239 eadem
579 1190 936 1254 temperantia.
1005 1191 1046 1237 si
1085 1189 1363 1238 indulseris
1402 1188 1651 1251 ebrietati,
1710 1203 1899 1251 sugge-

358 1281 517 1331 rendo
569 1290 823 1345 quantum
875 1283 1269 1346 concupiscunt,
1331 1280 1469 1330 haud
1525 1282 1697 1329 minus
1754 1279 1899 1327 facile

357 1375 493 1423 vitiis
533 1390 687 1438 quam
728 1375 881 1423 armis
919 1375 1213 1423 vincentur.

274 1483 340 1526 24
468 1482 629 1531 genus
669 1467 1074 1531 spectaculorum
1101 1483 1262 1515 unum
1305 1475 1457 1530 atque
1497 1467 1549 1513 in
1589 1467 1727 1514 omni
1754 1474 1900 1514 coetu

360 1557 515 1607 idem.
584 1558 712 1607 nudi
750 1560 983 1621 iuvenes,
1031 1559 1218 1622 quibus
1258 1558 1310 1606 id
1337 1557 1593 1607 ludicrum
1631 1567 1722 1619 est,
1767 1559 1902 1607 inter

362 1651 554 1715 gladios
593 1667 647 1699 se
687 1659 841 1714 atque
880 1651 1092 1700 infestas
1129 1651 1347 1700 frameas
1386 1651 1517 1699 saltu
1555 1652 1765 1700 iaciunt.
1810 1667 1902 1699 ex-

362 1745 587 1792 ercitatio
627 1751 787 1791 artem
814 1745 1029 1808 paravit.
1077 1759 1157 1792 ars
1187 1743 1448 1793 decorem:
1505 1758 1606 1791 non
1647 1745 1699 1791 in
1740 1758 1902 1806 quae-

307 1851 327 1886 5
363 1845 497 1885 stum
540 1845 707 1884 tamen
749 1845 832 1885 aut
873 1835 1195 1885 mercedem:
1242 1837 1478 1899 quamvis
1506 1835 1712 1884 audacis
1750 1836 1900 1884 lasci-

361 1929 475 1977 viae
514 1929 737 1991 pretium
767 1937 841 1977 est
879 1929 1116 1993 voluptas
1145 1930 1505 1993 spectantium.
1550 1928 1729 1989 aleam,
1765 1926 1902 1990 quod

362 2022 565 2080 mirere.
615 2020 771 2069 sobrii
810 2023 944 2068 inter
983 2022 1111 2069 seria
1154 2028 1422 2081 exercent,
1477 2028 1614 2068 tanta
1667 2019 1900 2068 lucrandi

362 2112 679 2177 perdendive.
730 2114 1015 2161 temeritate
1066 2122 1149 2174 ut.
1207 2128 1320 2160 cum
1362 2113 1530 2160 omnia
1583 2111 1893 2174 defecerunt,

364 2215 592 2253 extremo
631 2220 689 2253 ac
728 2206 1005 2253 novissimo
1046 2207 1179 2253 iactu
1219 2203 1283 2253 de
1322 2203 1555 2253 libertate
1595 2220 1653 2252 ac
1685 2203 1749 2252 de
1790 2220 1901 2252 cor-

804 2411 844 2443 11
991 2411 1078 2442 11001

482 2449 546 2484 45.
585 2446 667 2484 ioci
698 2445 763 2493 Cc,
797 2446 887 2484 ioci
911 2446 958 2493 B,
993 2447 1077 2484 ioci
1101 2446 1137 2484 b.
1329 2449 1393 2484 46.
1429 2423 1695 2486 τθῑῐέοῒειῑιιῐ·
1716 2445 1751 2484 b.

478 2520 544 2562 23,
586 2519 621 2554 l.
659 2516 796 2555 ordeo
821 2519 895 2554 aut
919 2515 1139 2555 furmento
1168 2516 1210 2557 C.
1314 2517 1509 2567 quadam
1536 2516 1577 2556 C.
1757 2519 1794 2555 6.
1830 2517 1901 2555 in-

365 2578 562 2653 dul{eris
585 2601 621 2639 b.
802 2604 841 2639 7.
877 2605 953 2639 aut
981 2600 1022 2640 C.
1203 2605 1241 2640 8.
1276 2603 1392 2640 vinis
1431 2603 1468 2639 'v
1489 2612 1590 2640 corr
1611 2613 1631 2640 e
1653 2609 1711 2650 m)
1744 2600 1787 2640 C.

479 2673 544 2718 24,
589 2675 621 2709 1.
659 2674 759 2710 cetu
779 2671 827 2718 B,
864 2677 965 2720 cetu
989 2673 1348 2727 spectaculorum
1377 2671 1421 2710 C.
1544 2676 1583 2711 Ξ.
1621 2672 1732 2711 nulli
1760 2671 1801 2712 C.

367 2744 403 2779 3.
441 2742 641 2781 excitatio
670 2742 737 2782 (Σο.
888 2745 926 2781 4.
964 2746 1084 2793 parat
1112 2743 1155 2782 C.
1231 2745 1440 2793 questum
1464 2742 1554 2782 ch.
1707 2746 1745 2782 5.
1782 2754 1902 2783 mer-

363 2813 471 2851 cede
501 2812 543 2853 C.
678 2816 716 2850 6.
753 2813 954 2863 precium
979 2813 1050 2859 Bb,
1086 2813 1286 2863 precium
1313 2812 1353 2852 C.
1420 2815 1530 2871 este,
1559 2813 1600 2853 C.
1667 2817 1904 2865 expectan-

363 2883 474 2920 tium
499 2883 609 2924 BCc.
745 2885 782 2921 7.
811 2884 998 2922 miretur
1023 2882 1065 2922 C.
1218 2887 1254 2922 S.
1283 2883 1527 2924 defecerint
1551 2885 1586 2923 b.
1720 2887 1758 2922 9.
1787 2884 1902 2922 iactu

365 2953 374 2990 i
403 2956 544 3002 postea
569 2953 709 2991 addita
734 2952 769 2999 b.
804 2950 918 2991 iactu
948 2954 992 2994 C.
