2048 3275
645 229 668 261 z
697 228 842 263 eman
871 229 1010 263 tiano
1039 229 1132 262 xvi.
1565 218 1658 265 1023

119 367 362 419 dimicare
401 372 645 433 contingit
683 373 818 420 omni
859 371 1030 436 procul
1061 371 1238 420 abacto
1268 371 1467 421 frutice.
1538 374 1653 422 ulva

121 470 168 511 et
206 462 416 527 palustri
459 464 608 512 iunco
649 463 785 513 funis
825 472 1034 514 nectunt
1072 464 1138 514 ad
1175 464 1522 529 praetexenda
1551 467 1658 531 pis-

119 553 265 604 cibus
306 557 446 617 retia‚
509 565 818 621 captumque
860 556 1099 606 manibus
1138 557 1300 607 lutum
1343 558 1509 607 ventis
1548 574 1659 607 ma-

121 648 195 706 gis
233 663 384 711 quam
425 648 530 697 sole
569 650 818 699 siccantes
846 658 975 699 terra
1015 650 1156 699 cibos
1195 659 1246 699 et
1283 651 1497 711 rigentia
1537 668 1658 716 sep-

121 742 369 789 tentrione
412 743 606 790 viscera
646 758 738 791 sua
786 751 960 792 urunt.
1027 752 1214 808 potuus
1277 759 1376 792 non
1437 744 1531 792 nisi
1593 760 1654 792 ex
1690 756 1707 787 Γ

123 831 284 882 imbre
323 843 522 882 servato
561 834 830 884 scrobibus
870 836 918 884 in
952 835 1204 885 vestibulo
1232 835 1430 885 domus.
1487 844 1536 883 et
1565 837 1657 885 hae

121 933 312 984 gentes.
360 928 400 975 si
443 927 713 977 vincantur
752 928 900 978 hodie
941 947 967 977 a
1008 930 1196 993 populo
1235 929 1490 992 Romano,
1548 945 1658 978 ser-

121 1019 226 1067 vire
283 1035 338 1068 se
396 1018 598 1069 dicunt!
672 1022 735 1069 ita
777 1029 853 1070 est
910 1022 1158 1086 profecto:
1225 1022 1396 1071 multis
1458 1022 1657 1071 fortuna

121 1112 278 1175 parcit
323 1113 372 1160 in
413 1128 650 1176 poenam.

148 1207 172 1252 2
238 1204 378 1254 aliud
417 1223 443 1254 e
484 1206 627 1256 silvis
668 1207 996 1257 miraculum:
1045 1216 1196 1256 totam
1239 1208 1487 1272 reliquam
1530 1210 1658 1257 Ger-

119 1299 340 1346 maniam
380 1301 619 1363 operiunt
656 1299 960 1365 adduntque
1002 1301 1171 1365 frigori
1223 1301 1460 1362 umbras,
1515 1302 1659 1350 altis-

118 1391 275 1439 simae
317 1398 486 1441 tamen
529 1392 651 1441 haut
689 1394 861 1458 procul
903 1409 1056 1458 supra
1097 1393 1247 1443 dictis
1278 1394 1497 1443 Chaucis
1526 1396 1655 1443 eirca

118 1481 248 1532 duos
286 1486 561 1551 praecipue
604 1486 798 1536 laeuus.
882 1487 1025 1535 litora
1068 1487 1172 1551 ipsa
1233 1488 1462 1550 optinent
1503 1504 1657 1551 quer-

117 1593 243 1625 cuus
271 1579 491 1627 maxima
531 1578 773 1628 aviditate
815 1578 1091 1641 nascendi,
1139 1581 1488 1644 suffossaeque
1529 1581 1657 1629 ssuc-
1691 1613 1696 1621 -

117 1668 254 1719 tibus
292 1680 379 1719 aut
420 1671 692 1736 propulsae
734 1670 939 1721 {latibus
977 1681 1149 1721 vastas
1207 1673 1460 1737 conplexu
1518 1672 1656 1721 radi-

116 1778 232 1811 cum
293 1763 487 1813 insulas
546 1779 719 1813 secum
782 1765 1036 1827 auserunt,
1109 1774 1261 1829 atque
1318 1768 1382 1815 ita
1443 1765 1655 1814 libratae

116 1863 308 1905 stantes
358 1857 629 1920 navigant,
684 1858 969 1921 ingentium
1030 1874 1285 1908 ramorum
1326 1861 1656 1908 armamentis

116 1963 269 2012 saepe
311 1950 499 1998 territis
539 1949 790 1999 classibus
832 1953 1041 2008 nostris,
1100 1968 1213 2001 cum
1270 1952 1410 2001 velut
1459 1969 1523 2001 ex
1576 1953 1655 2000 in-

114 2040 307 2091 dustria
349 2041 589 2091 ssuctibus
627 2052 903 2107 agerentur
930 2044 980 2092 in
1009 2060 1185 2109 proras
1206 2047 1450 2094 stantium
1480 2052 1648 2107 noctu,

117 2136 397 2199 inopesque
449 2134 664 2184 remedii
715 2135 829 2185 illae
879 2137 1129 2201 proelium
1170 2138 1351 2187 navale
1403 2136 1656 2186 adversus

115 2227 324 2277 arbores
365 2229 570 2276 inirent.

225 2321 275 2369 in
316 2320 498 2370 eadem
538 2321 923 2384 septentrionali
964 2322 1108 2386 plaga
1162 2323 1443 2389 Hercyniae
1495 2325 1651 2373 silvae

231 2482 269 2517 8.
306 2478 495 2518 abaucto
520 2479 611 2519 DG.
823 2484 862 2529 4,
902 2482 940 2519 4.
978 2481 1055 2519 sed
1082 2481 1266 2527 vicentia
1291 2482 1331 2528 d,
1367 2481 1444 2520 sed
1471 2481 1551 2533 (set
1581 2480 1635 2522 D-'

115 2551 296 2601 rigantia
323 2550 374 2595 D,
410 2550 463 2589 cd
489 2551 671 2600 rigantia
694 2564 740 2591 x.
931 2555 970 2590 6.
1007 2552 1088 2592 liae
1113 2558 1265 2600 gentes
1291 2551 1360 2598 ΠΙ,
1395 2558 1577 2592 accentc
1603 2553 1648 2595 Ε.

113 2626 318 2662 accentes
340 2633 385 2661 .r.
565 2625 604 2659 9.
642 2623 815 2672 parcior
838 2623 881 2662 E.
1073 2628 1112 2666 5.
1147 2628 1186 2663 2.
1223 2625 1427 2676 operiunt
1454 2625 1654 2677 Detlesse-

113 2705 204 2741 nus,
242 2693 438 2733 referunt
462 2693 519 2739 E,
565 2694 791 2744 reperiunt
814 2706 859 2733 x.
1070 2700 1107 2735 3.
1145 2697 1296 2735 caucis
1318 2697 1358 2742 d,
1402 2698 1551 2735 causis
1577 2697 1647 2743 0¹,

112 2765 290 2806 chausis
311 2778 358 2806 ας.
533 2768 571 2804 6.
607 2765 841 2815 complexu
865 2767 905 2813 d,
941 2768 1170 2818 vsmnplexa
1196 2768 1241 2814 E,
1278 2768 1492 2819 conplexa
1514 2779 1559 2807 x.

112 2838 148 2877 7.
188 2835 352 2875 insulas
375 2834 482 2881 0221,
517 2835 650 2874 silvas
674 2835 729 2881 E,
768 2837 809 2875 in
834 2837 967 2876 silvas
988 2851 1035 2878 x.
1130 2838 1314 2879 libratae
1338 2840 1384 2885 d,
1422 2838 1576 2878 librata
1600 2852 1645 2878 ,ιι

225 2910 264 2947 9.
300 2919 351 2947 cx
375 2904 447 2953 D‘2,
482 2918 564 2947 om.
593 2918 630 2947 r.
776 2912 841 2948 40.
878 2921 1006 2961 prora
1029 2911 1071 2955 d,
1107 2921 1316 2962 prospera
1341 2922 1385 2949 s.

109 2981 147 3021 6.
189 2983 222 3018 t.
261 2978 487 3018 herciniae
511 2981 551 3024 d,
589 2978 803 3018 hirc-iniac
832 2981 881 3028 G,
919 2981 1143 3021 liircaniae
1170 2982 1212 3022 Ε.

1692 1213 1714 1251 5

1692 2055 1738 2090 lO
