2048 3275
248 396 297 432 40

243 879 294 915 45

329 227 428 276 164
831 241 1108 275 GENERATIO
1138 231 1378 276 ’(ὶΕΝΤΝΜ.

331 381 576 430 Erminus
614 381 792 445 genuit

401 473 552 523 Gotos
597 472 923 539 [Walagotus]
957 472 1243 523 Wandalus
1270 464 1507 539 Gepedes
1545 483 1596 525 et
1623 477 1871 527 Saxones.

473 565 600 614 haec
638 571 759 614 sunt
797 572 975 630 gentes
1013 580 1079 614 1v.

330 686 488 750 Inguo
526 685 681 734 frater
718 701 895 735 eorum
935 686 1112 750 genuit

401 776 794 842 Burgundiones
833 778 1118 844 Thoringus
1157 778 1524 843 Langobardus
1553 780 1834 830 BaioariUS.

467 870 593 918 haee
631 877 752 919 sunt
790 877 966 935 gentes
1004 886 1068 919 1v.

326 991 444 1039 Istio
484 989 640 1039 frater
680 1006 856 1040 eorum
897 992 1074 1055 genuit

396 1083 650 1131 Romanos
692 1083 941 1132 Brittones
980 1084 1204 1132 Francus
1243 1083 1581 1134 Alamannus,

467 1175 593 1223 haee
633 1182 755 1224 sunt
791 1182 972 1240 gent-es
1012 1191 1078 1223 lv.

326 1340 407 1388 Qui
430 1339 609 1384 fuerunt
636 1342 711 1392 qui
735 1345 889 1392 gentes
922 1343 1205 1393 genuerunt?
1248 1353 1368 1394 resp.
1394 1346 1482 1382 tres
1505 1342 1676 1391 fratres,
1712 1343 1871 1383 Erme-

325 1422 409 1452 nus
433 1413 593 1462 Igngus
615 1415 659 1451 et
680 1414 820 1453 Seius.
848 1415 900 1462 D,
936 1414 1100 1464 Muljus
1122 1425 1201 1452 rex
1223 1416 1314 1453 tres
1336 1413 1452 1453 filios
1474 1413 1647 1462 habuit,
1679 1425 1871 1465 quorum

326 1484 507 1522 nomina
540 1483 624 1524 hee
655 1486 781 1523 sunt:
826 1485 989 1524 Armen
1022 1484 1187 1534 Tingus
1211 1485 1374 1535 Ostjus.
1425 1485 1588 1535 singuli
1619 1487 1873 1536 genuerunt

325 1556 565 1605 quaternas
589 1556 922 1606 generacjones.
948 1555 997 1603 E,
1033 1555 1224 1595 Alaneus
1247 1556 1441 1605 (Alanus,
1467 1555 1660 1595 Alaneus
1682 1556 1797 1595 codd.
1811 1557 1866 1605 N)

324 1624 470 1665 dietus
493 1628 560 1665 est
581 1625 731 1674 homo,
758 1627 834 1677 qui
857 1627 1011 1677 genuit
1033 1630 1122 1666 tres
1145 1627 1275 1675 filios,
1304 1627 1348 1667 id
1370 1630 1438 1666 est
1460 1627 1681 1666 Hisisione
1703 1627 1873 1675 (Hessi-

324 1695 400 1743 tio,
428 1695 602 1744 Hisitio,
629 1697 794 1736 Hisieio
817 1702 855 1737 et
878 1699 932 1738 al.
959 1699 1011 1747 Ν)
1047 1688 1302 1737 Ermeno'ne
1332 1698 1551 1749 (Armeno,
1573 1698 1782 1737 Armenio
1804 1697 1862 1746 N)

324 1767 368 1804 et
389 1766 576 1817 NigueO.
601 1768 646 1806 F.
692 1770 826 1819 igitur
849 1772 976 1807 46-4
993 1772 1014 1808 8
1047 1770 1129 1809 huc
1152 1771 1413 1820 transposuit
1433 1769 1519 1809 FN.

440 1839 506 1876 44.
544 1837 713 1878 Gothos
736 1839 781 1879 A.
926 1843 993 1879 42.
1030 1841 1138 1891 1v]v
1161 1841 1207 1881 A.
1351 1843 1552 1879 40-42,
1587 1840 1760 1878 Primus
1783 1838 1873 1877 Er-

324 1908 500 1947 menius
522 1910 675 1958 genuit
697 1909 864 1950 Gothos
886 1910 1175 1962 Walagothos
1197 1911 1440 1950 Wandalos
1464 1910 1705 1961 Gippedios
1729 1912 1773 1949 et
1789 1910 1871 1949 Sa—

322 1989 469 2021 xones
499 1980 548 2027 B,
593 1980 768 2020 Primus
791 1981 1029 2022 Ermenius
1060 1983 1215 2032 genuit
1237 1983 1367 2021 Butes
1391 1981 1694 2031 Gualangutos
1716 1982 1867 2020 Guan—

322 2049 447 2089 dalos
465 2050 657 2102 Gepidos
676 2052 882 2092 Saxones.
915 2053 953 2102 C,
991 2053 1212 2093 Ermenus
1231 2054 1386 2104 genuit
1409 2053 1542 2092 Gotos
1560 2052 1608 2090 V:
1632 2066 1639 2091 :
1659 2066 1666 2091 :
1689 2051 1868 2091 :ndalos

323 2119 544 2160 Gebeteos
567 2123 610 2160 et
625 2122 833 2162 Saxones.
860 2124 912 2170 D,
948 2123 1109 2163 Armen
1133 2125 1287 2174 genuit
1304 2124 1472 2164 Gothos
1491 2123 1747 2163 Guandalos
1769 2123 1869 2173 Brj-

322 2191 451 2241 gjdos
483 2192 694 2232 Saxones.
719 2193 768 2241 E,
812 2194 875 2233 De
910 2194 1163 2234 Ermenone
1206 2197 1306 2234 nate
1340 2197 1442 2234 sunt
1483 2194 1792 2245 generationes
1821 2204 1864 2232 v.

323 2261 452 2301 Gothi
476 2263 734 2314 Uualagothi
767 2264 934 2315 Cybedi
967 2266 1226 2316 Burgundio
1255 2265 1443 2316 (Gebidi‚
1479 2265 1704 2315 Burgondi
1726 2265 1784 2315 N)
1823 2267 1869 2304 et

322 2332 653 2383 Langobardos.
681 2335 726 2374 F.

438 2406 506 2443 44.
543 2404 759 2455 Loringus
781 2406 829 2445 Α.
1006 2410 1136 2446 43-4
1153 2410 1189 2447 5.
1225 2409 1330 2457 lngo
1352 2407 1506 2457 genuit
1525 2406 1865 2456 Burgondiones

321 2473 566 2525 Thoringos
588 2475 903 2526 Langobardos
925 2479 969 2517 et
987 2478 1239 2518 Baoweros.
1268 2478 1316 2526 B,
1360 2479 1464 2528 Ingo
1487 2478 1640 2527 genuit
1661 2477 1866 2527 Burgun-

320 2544 477 2584 diones
499 2545 716 2596 Turingos
747 2547 1062 2598 Langobardos
1082 2549 1307 2588 Baioeros.
1339 2548 1380 2596 C,
1426 2549 1558 2598 lngus
1580 2548 1731 2597 genuit
1751 2548 1866 2586 Bur-

321 2615 570 2664 gundiones
592 2616 805 2667 Toringos
827 2619 1132 2669 Longibardos
1164 2622 1207 2659 et
1228 2619 1465 2659 Bawarios.
1491 2619 1544 2666 D,
1591 2618 1755 2668 Tingus
1786 2628 1864 2668 ge-

321 2687 418 2725 nuit
448 2685 614 2725 Tuscos
652 2689 695 2727 et
723 2688 1039 2739 Longobardos
1061 2691 1398 2741 Burgondiones
1429 2689 1667 2739 Bajoarjos.
1701 2688 1750 2735 E,
1799 2688 1864 2727 De

319 2756 488 2807 Nigueo
512 2760 613 2796 nate
636 2761 741 2797 sunt
769 2762 1076 2809 generationes
1100 2764 1324 2812 quattuor,
1358 2761 1403 2800 id
1426 2761 1492 2799 est
1514 2758 1763 2799 Uuandalos
1786 2760 1865 2798 Sa·—

319 2837 456 2866 xones
487 2827 711 2868 Baioarios
741 2831 785 2868 et
814 2830 1044 2881 Toringus.
1098 2832 1205 2871 Istas
1227 2843 1301 2871 x111
1339 2831 1648 2882 generationes
1681 2830 1863 2869 omnino

321 2908 407 2936 non
431 2901 708 2949 separant-ur.
734 2899 778 2938 F.

437 2972 503 3008 47.
540 2969 767 3009 Brictones
788 2972 837 3010 A.
980 2974 1161 3012 46-48.
1198 2971 1330 3011 Eseio
1360 2971 1496 3020 (Seiut
1516 2972 1569 3019 D,
1606 2970 1788 3020 Hostjus
1807 2969 1857 3019 E)
