2048 3275
772 207 1038 241 anamma.
1626 193 1682 239 :31

146 351 346 416 imperii
386 350 501 400 fatis
542 350 667 398 nihil
708 351 806 398 iam
849 357 1107 413 praestare
1137 349 1353 397 Fortuna
1397 350 1560 397 maius
1601 364 1692 413 po-

144 451 243 493 test
279 458 434 508 quam
475 442 693 491 hostium
743 440 1071 491 discordiam.

252 535 582 601 Angrivarios
634 543 682 584 et
722 535 1008 583 Chamavos
1057 549 1082 582 a
1135 543 1274 596 tergo
1315 532 1593 597 Dulgubnii
1643 541 1691 581 et
1715 538 1779 583 :34

146 628 412 678 Chasuarii
469 625 687 677 cludunt
743 627 978 691 aliaeque
1035 636 1215 692 gentes
1282 625 1417 675 haud
1476 624 1693 690 perinde

148 728 483 773 memoratae,
548 736 573 769 a
633 720 797 769 fronte
848 721 992 768 Frisii
1054 721 1333 783 excipiunt.
1414 719 1695 768 maioribus

147 812 535 878 minoribusque
566 814 735 861 Frisiis
762 812 1070 862 vocabulum
1099 821 1176 861 est
1203 829 1267 861 ex
1305 811 1454 861 modo
1483 813 1689 860 virium.

150 915 399 971 utraeque
438 908 672 955 nationes
711 921 876 969 usque
918 905 983 954 ad
1021 906 1284 955 Oceanum
1327 906 1503 955 Rheno
1541 921 1695 970 prae-
1729 925 1750 959 5

150 1008 397 1049 texuntur
446 998 786 1063 ambiuntque
847 1001 1124 1048 immensos
1185 1001 1395 1064 insuper
1452 999 1591 1048 lacus
1649 1008 1694 1047 et

146 1093 389 1141 Romanis
456 1091 707 1141 classibus
767 1093 1049 1156 navigatos.
1132 1094 1298 1157 ipsum
1358 1094 1483 1157 quin
1544 1093 1695 1140 etiam

150 1186 412 1234 Oceanum
442 1185 525 1233 illa
553 1186 946 1250 temptavimus:
994 1193 1041 1233 et
1068 1200 1342 1250 superesse
1371 1185 1538 1234 adhuc
1568 1187 1698 1234 Her-

148 1278 276 1327 culis
325 1279 591 1327 columnas
643 1278 774 1326 sama
814 1278 1062 1342 volgavit,
1122 1280 1230 1326 sive
1282 1277 1406 1327 adiit
1455 1278 1699 1327 Hercules

152 1387 244 1421 seu
283 1369 542 1435 quidquid
582 1369 776 1435 ubique
817 1370 1146 1435 magnificum
1198 1380 1273 1420 est
1324 1373 1375 1420 in
1415 1371 1697 1420 claritatem
1735 1390 1782 1424 4ο

153 1466 265 1514 eius
302 1464 494 1513 referre
521 1465 897 1512 consensimus.
942 1480 1036 1512 nec
1059 1463 1223 1513 defuit
1263 1464 1508 1513 audentia
1537 1465 1700 1513 Druso

152 1557 478 1606 Germanico:
525 1556 616 1606 sed
657 1555 851 1606 obstitit
887 1557 1126 1607 Oceanus
1168 1559 1218 1606 in
1259 1574 1312 1606 se
1353 1557 1504 1607 simul
1546 1566 1700 1621 atque

154 1651 206 1699 in
233 1650 504 1699 Herculem
534 1651 742 1714 inquiri.
790 1666 906 1698 mox
935 1666 1085 1699 nemo
1115 1653 1397 1716 temptavit,
1445 1653 1702 1700 sanctius-

153 1758 253 1806 que
293 1759 351 1791 ac
392 1745 715 1792 reverentius
759 1744 924 1792 visum
965 1742 1029 1792 de
1071 1745 1194 1793 actis
1234 1744 1449 1793 deorum
1489 1743 1701 1793 credere

155 1851 311 1900 quam
349 1837 495 1885 scire.
1740 1855 1789 1890 4⁵

270 2053 337 2089 44.
375 2050 483 2106 impi
506 2048 613 2089 sacis
641 2049 681 2090 C.
749 2050 811 2088 nil
840 2050 903 2091 Cc.
1089 2053 1155 2089 42.
1193 2049 1414 2090 discordia
1444 2051 1484 2092 C.

271 2124 339 2167 34,
378 2125 416 2160 4.
451 2122 735 2171 Angrivarios
773 2122 829 2162 Β,
865 2122 1142 2172 angrinarlos
1165 2122 1201 2166 b,
1237 2123 1492 2172 angularios
1527 2123 1567 2165 C.
1620 2126 1706 2162 An-

156 2184 334 2258 g¹uarios
357 2219 393 2247 c.
487 2207 739 2248 Chamauos
763 2207 833 2255 Bc,
869 2207 1111 2248 chamanos
1134 2208 1170 2253 ὁ,
1216 2207 1494 2248 chammatos
1518 2209 1558 2249 C.

157 2292 398 2344 Dulgubnii
419 2293 595 2334 Iacobus
618 2293 868 2339 Grcmmius.
901 2259 1131 2341 bdullffili’il'i'i
1157 2294 1203 2334 Β.
1240 2293 1508 2345 dulgitubini
1531 2296 1567 2341 b,
1605 2296 1708 2335 dul-

157 2363 291 2415 gibini
320 2366 371 2406 Cc
402 2368 437 2403 et
466 2375 600 2414 supra
633 2365 880 2405 dulcubuni
913 2364 967 2405 οἳ.
1155 2369 1195 2404 2.
1233 2366 1462 2406 Chasuarii
1498 2368 1595 2407 libri
1628 2379 1708 2406 non

157 2437 278 2482 nulli,
314 2435 541 2475 eliasudrii
565 2447 600 2481 c,
647 2438 893 2476 occ-asuarii
925 2438 967 2483 C,
1002 2437 1232 2476 Thasum-ii
1263 2437 1310 2477 Β,
1349 2438 1526 2477 tasuarii
1552 2439 1588 2477 b.

158 2521 491 2567 cludunleCc,
527 2499 714 2562 cludunt
740 2520 778 2576 β.
961 2528 999 2562 3.
1038 2523 1162 2564 Frisii
1196 2523 1267 2562 Bb.
1311 2522 1402 2562 srisi
1438 2535 1473 2568 c,
1511 2524 1630 2564 frisci
1664 2525 1704 2565 C.

242 2593 468 2644 excipiunt
492 2604 557 2633 om
586 2593 626 2634 C.
751 2595 790 2632 ⁴.
827 2593 962 2632 frisiis
987 2594 1024 2636 ὸ,
1062 2595 1178 2635 {risis
1206 2595 1264 2634 Bc
1293 2599 1330 2634 et
1361 2599 1401 2634 in
1435 2599 1632 2647 rnaryine
1667 2595 1705 2650 β,

158 2662 298 2718 friscis
321 2664 362 2705 C.
457 2665 639 2705 uurium
663 2666 702 2706 C.
837 2668 877 2704 6.
914 2666 1164 2717 insuper—
1181 2667 1312 2722 ins-up
1335 2666 1552 2707 classibus
1579 2669 1619 2709 C.

161 2739 200 2774 8.
256 2736 495 2776 tistauimus
519 2737 600 2783 Bb,
638 2737 909 2776 tentavimus
935 2738 1001 2777 Cc.
1172 2742 1212 2776 9.
1253 2738 1446 2789 uolgauit
1470 2740 1559 2786 BC,
1596 2740 1710 2779 voli-

160 2807 277 2857 gavit
296 2819 338 2853 c,
373 2807 569 2858 vulgavit
592 2808 630 2847 b.
804 2811 870 2847 40.
907 2809 1122 2860 quicquid
1147 2809 1259 2848 libri.
1345 2811 1633 2860 magnificum
1661 2812 1711 2852 Cc

162 2880 262 2918 etin
283 2881 414 2919 litura
437 2878 475 2933 β,
524 2890 652 2930 magn
676 2882 719 2919 in
740 2882 937 2931 marqiue
962 2878 1001 2933 β,
1039 2891 1214 2931 magau:
1242 2881 1288 2920 B.
1473 2885 1538 2921 43.
1578 2883 1619 2921 in
1644 2895 1710 2922 om

167 2949 208 2990 C.
275 2951 460 2989 tentavit
482 2951 554 2992 Bc.
593 2952 740 2991 tetaxit
764 2952 800 2997 b,
838 2953 1067 3003 temptavit
1097 2954 1138 2993 C.
1233 2953 1449 3003 santius-<42
1483 2954 1546 2995 Ce.
