2048 3275
433 202 529 250 140
929 218 1083 251 lvmvs
1101 218 1432 253 ·CAP1TOL1NVS

369 375 387 406 5
427 351 567 424 ὡρῶν
646 377 685 414 ις
724 352 814 424 λ’γ’
871 355 955 408 καὶ
995 357 1244 425 διέστηκεν
1289 353 1652 426 Ἀλεξανδρείας
1691 353 1811 426 πρὸς
1864 352 1950 408 δι’)-

580 442 605 463 (Ῐ
894 445 954 464 ΙΝ]
1106 446 1119 463 Χ
1193 448 1235 467 Q!
1291 445 1302 464 >
1540 446 1552 463 l
1848 448 1870 465 >l

428 468 526 506 σεις
567 468 719 518 ωραις
795 469 826 499 α
865 452 986 500 λδ·
1073 470 1125 500 το
1191 469 1244 500 οε
1311 447 1792 519 Εβουροδουνον
1845 469 1952 518 εχει

424 536 510 608 τὴν
554 541 782 609 μεγίστην
821 537 1009 609 ἡμέραν
1051 537 1192 610 ὡρῶν
1271 562 1310 593 ιε
1361 538 1503 611 λ’γιβ’
1565 540 1649 593 καὶ
1701 541 1949 609 διέστηκεν

419 630 800 703 Ἀλεξανδρείας
837 630 956 703 πρὸς
996 630 1155 692 δόσεις
1195 627 1301 703 ὥρᾳ
1353 638 1440 703 μιᾷ
1477 632 1561 685 καὶ
1597 633 1761 704 τρίτῳ.
1836 630 1867 703 ἡ
1898 632 1948 684 δὲ

428 724 632 776 Σκανδ
654 725 714 776 ία
765 729 910 794 νῆσος
937 725 1044 795 ἔχει
1069 723 1155 795 τὴν
1186 726 1413 795 μεγίστην
1453 723 1640 796 ἡμέραν
1681 722 1823 795 ὡρῶν
1902 747 1947 794 ιη

349 835 387 867 10
425 816 508 868 καὶ
550 818 799 886 διέστηκεν
831 815 1216 888 Ἀλεξανδρείας
1254 816 1372 893 πρὸς
1414 815 1573 878 δόσεις
1614 814 1719 888 ὥρα
1759 822 1863 886 μιᾷ.

753 1347 1163 1403 NOTITIAE
1218 1347 1625 1404 GENTIVM.

427 1473 625 1521 IVLIVS
666 1470 1074 1522 CAPITOLINVS
1112 1474 1175 1521 IN
1201 1471 1523 1521 ANTONINO
1564 1473 1951 1523 PHILOSOPHO

750 1565 834 1612 DE
873 1564 1070 1613 BELLO
1110 1563 1630 1614 MARCOMANNICO.

374 1695 403 1739 8
537 1690 721 1755 Adepti
761 1692 1032 1757 imperium
1075 1721 1136 1728 —-
1179 1694 1348 1742 onmia
1386 1693 1518 1742 mala
1554 1694 1749 1741 Marcus
1776 1700 1825 1741 et
1850 1694 1956 1742 Ve-

427 1799 513 1831 rus
554 1800 644 1832 sua
698 1800 818 1833 cura
859 1792 907 1832 et
952 1787 1241 1850 praesentia
1301 1792 1670 1850 temperarunt.
1757 1784 1849 1834 fuit.
1899 1802 1956 1834 eo

426 1884 654 1940 tempore
695 1877 846 1925 etiam
887 1877 1173 1926 Parthicum
1221 1877 1417 1926 bellum
1468 1876 1605 1942 quod
1653 1877 1954 1941 Vologessus

427 1975 659 2031 paratum
711 1968 807 2017 sub
860 1970 939 2017 Pio
991 1971 1140 2019 Marci
1195 1978 1243 2019 et
1295 1971 1411 2018 Veri
1474 1978 1700 2033 tempore
1750 1969 1948 2033 indixit,

373 2069 393 2105 5
428 2059 594 2124 fugato
632 2058 819 2109 Attidio
860 2061 1160 2110 Corneliano
1200 2063 1287 2126 qui
1329 2063 1525 2126 Syriam
1563 2068 1684 2110 tunc
1736 2061 1957 2110 admini-

428 2151 634 2200 strabat.
722 2153 1007 2201 inminebat
1058 2155 1209 2202 etiam
1271 2154 1616 2202 Britannicum
1663 2153 1854 2203 bellum
1908 2162 1957 2203 et

428 2243 590 2292 Chatti
648 2245 699 2292 in
759 2245 1083 2293 Germaniam
1141 2254 1189 2293 et
1244 2246 1472 2294 Raetiam
1510 2247 1825 2310 inruperant.
1908 2254 1953 2294 et

429 2335 677 2385 adversus
742 2338 1006 2386 Britannos
1085 2337 1295 2402 quidem
1361 2337 1666 2402 Calpurnius
1728 2336 1957 2402 Agricola

428 2428 616 2477 missus
662 2437 753 2492 est7
799 2437 968 2478 contra
1010 2430 1210 2479 Chattos
1247 2428 1481 2479 Aufidius
1519 2430 1818 2479 Victorinus.
1889 2429 1954 2479 ad

542 2664 580 2700 5.
617 2675 650 2706 ις
684 2654 732 2715 ιβ’
752 2673 797 2700 oe.
920 2665 957 2702 6.
994 2677 1019 2702 α
1048 2655 1083 2717 γ’
1104 2675 1151 2703 α).
1218 2661 1467 2717 ροβόδουνον
1483 2664 1525 2711 A,
1555 2665 1661 2715 conf.
1680 2665 1719 2711 2,
1740 2666 1804 2711 Η,
1823 2665 1888 2711 30,
1911 2665 1948 2701 8.

542 2734 579 2779 8,
617 2735 654 2770 5.
691 2732 826 2772 atidio
859 2734 1015 2772 codices
1039 2737 1076 2773 et
1097 2735 1414 2784 Bambergyensis
1434 2745 1542 2773 saec.
1569 2745 1612 2772 lx
1639 2734 1699 2783 (B)
1733 2738 1770 2772 et
1792 2734 1954 2773 Palati-

428 2813 508 2841 nus
529 2813 638 2841 saec,
656 2814 682 2840 x
707 2804 785 2853 (P),
813 2815 997 2854 quorum
1018 2815 1266 2844 consensum
1286 2807 1537 2855 plerumque
1558 2807 1600 2844 in
1617 2806 1830 2854 prooeivmz's
1849 2805 1953 2855 si9lo

429 2884 509 2911 non
530 2876 782 2913 notavimus.
907 2878 944 2914 6.
970 2875 1258 2915 brittanicum
1379 2879 1417 2917 7.
1444 2876 1561 2915 cathi
1585 2876 1633 2924 B,
1671 2875 1809 2914 catthi
1829 2876 1874 2913 P.

429 2945 583 2983 retiam
674 2945 929 2997 insuperant
954 2946 998 2985 B.
1180 2950 1216 2985 8.
1254 2946 1501 2986 brittannos
1677 2949 1716 2984 9.
1752 2945 1922 2984 Catthos
