2048 3275
352 203 413 248 14
908 213 1136 246 CORNELII
1176 214 1334 246 TACITI

284 367 346 410 14
455 370 571 403 cum
610 360 822 402 ventum
875 354 928 400 in
977 354 1166 417 aciem,
1231 360 1379 418 turpe
1437 353 1652 418 principi
1691 353 1880 402 virtute

292 735 312 769 5

267 1196 313 1230 ⁴0

266 1657 315 1692 45

266 2121 314 2156 ΞΟ

346 448 499 510 vinci,
546 454 693 510 turpe
723 446 979 494 comitatui
1019 446 1262 495 virtutem
1299 446 1544 510 principis
1584 461 1687 493 non
1725 444 1882 494 adae-

347 554 520 603 quare.
591 539 691 586 iam
731 553 850 586 vero
890 537 1078 586 infame
1128 539 1181 586 in
1221 554 1423 586 omnem
1460 539 1618 587 vitam
1667 553 1725 586 ac
1761 553 1882 600 pro-

346 631 557 680 brosum
595 631 921 695 superstitem
949 631 1169 695 principi
1207 646 1299 679 suo
1338 647 1403 678 ex
1441 631 1544 679 acie
1584 630 1875 679 recessisse.

348 724 491 772 illum
542 721 851 785 defendere,
921 724 1080 785 tueri,
1155 738 1246 771 sua
1300 738 1502 786 quoque
1564 722 1708 771 fortia
1757 722 1884 771 facta

347 817 534 881 gloriae
575 816 684 864 eius
723 815 981 879 assignare
1008 817 1344 879 praecipuum
1372 821 1747 863 sacramentum
1775 822 1877 863 est:

346 909 605 972 principes
635 923 725 971 pro
756 907 963 955 victoria
989 914 1235 971 pugnant,
1282 908 1491 956 comites
1517 922 1607 971 pro
1627 907 1877 971 principe.

347 1002 388 1049 si
416 1001 592 1048 civitas
631 1001 683 1047 in
711 1015 809 1062 qua
840 999 933 1046 orti
974 1005 1094 1047 sunt
1131 999 1278 1063 longa
1305 1014 1431 1063 pace
1460 1007 1509 1047 et
1546 1001 1642 1047 otio
1668 1005 1877 1063 torpeat,

347 1093 581 1157 plerique
634 1091 883 1140 nobilium
935 1090 1338 1140 adolescentium
1386 1099 1570 1156 petunt
1617 1092 1747 1139 ultro
1799 1107 1884 1139 eas

348 1186 578 1233 nationes
630 1200 759 1248 quae
799 1191 907 1232 tum
947 1183 1138 1232 bellum
1177 1183 1383 1247 aliquod
1423 1166 1621 1248 gerunt,
1680 1184 1799 1247 quia
1840 1190 1888 1232 et

348 1278 543 1341 ingrata
583 1277 717 1341 genti
759 1277 903 1339 quies
944 1283 993 1324 et
1031 1276 1227 1325 facilius
1273 1276 1405 1325 inter
1444 1277 1681 1340 ancipitia
1721 1276 1886 1324 clare-

349 1376 499 1418 scunt
535 1384 883 1433 magnumque
926 1369 1218 1417 comitatum
1269 1384 1371 1416 non
1409 1369 1507 1417 nisi
1548 1370 1597 1416 vi
1648 1368 1898 1432 belloque·

347 1469 571 1510 tuentur.
631 1462 843 1525 exigunt
869 1462 1004 1509 enim
1031 1461 1279 1525 principis
1307 1461 1384 1509 sui
1413 1460 1713 1509 liberalitate
1742 1461 1886 1509 illum

347 1554 645 1602 bellatorem
707 1569 926 1616 equum,
992 1553 1129 1601 illam
1199 1560 1462 1601 cruentam
1521 1554 1886 1617 victricemque

350 1646 610 1694 frameam.
670 1661 788 1694 nam
816 1645 997 1709 epulae
1027 1653 1076 1694 et
1113 1661 1426 1709 quamquam
1455 1646 1712 1709 incompti,
1759 1645 1885 1709 largi

348 1745 518 1786 tamen
578 1746 852 1802 apparatus
914 1753 1005 1802 pro
1063 1736 1316 1802 stipendio
1375 1737 1580 1786 cedunt.
1675 1739 1887 1786 materia

350 1829 730 1879 munificentiae
758 1846 851 1894 per
876 1829 1011 1879 bella
1053 1837 1101 1878 et
1139 1837 1332 1894 raptus.
1390 1846 1486 1879 nec
1518 1846 1660 1878 arare
1699 1837 1887 1879 terram

350 1931 438 1971 aut
476 1929 771 1987 exspectare
811 1938 1006 1971 annum
1044 1929 1147 1970 tam
1187 1921 1333 1971 facile
1372 1923 1691 1987 persuaseris
1732 1938 1887 1987 quam

354 2031 530 2063 vocare
593 2015 789 2064 hostem
844 2021 894 2063 et
941 2015 1157 2063 vulnera
1219 2016 1420 2063 mereri.
1502 2015 1702 2079 pigrum
1763 2016 1887 2079 quin

350 2108 503 2155 immo
543 2114 592 2155 et
630 2108 765 2156 iners
793 2106 996 2156 videtur
1033 2105 1220 2156 sudore
1248 2106 1520 2170 adquirere
1549 2106 1686 2170 quod
1723 2108 1890 2170 possis

352 2201 601 2264 sanguine
643 2215 838 2263 parare.

470 2416 533 2461 44,
573 2415 610 2452 Ξ.
649 2424 811 2463 equare
831 2411 899 2452 Cc.
1013 2416 1051 2450 3.
1087 2412 1185 2451 uiro
1210 2411 1245 2450 b.
1305 2409 1328 2450 ἶ
1353 2409 1458 2466 orbs}
1484 2411 1525 2452 C.
1648 2416 1687 2452 5.
1714 2412 1887 2451 deffen-

352 2484 456 2523 dere
486 2483 527 2523 C.
603 2483 718 2522 facta
754 2484 794 2524 C.
976 2486 1013 2522 6.
1051 2483 1146 2521 eius
1169 2494 1232 2521 om
1258 2483 1294 2530 b,
1331 2482 1352 2532 ξ
1390 2484 1437 2522 Β.
1618 2487 1656 2521 S.
1693 2484 1788 2522 ocio
1811 2484 1883 2522 Bb.

495 2573 534 2608 9.
571 2569 732 2620 pluriq;
760 2569 900 2607 etinde
915 2579 1016 2607 corr
1037 2545 1205 2619 ppuliq3
1231 2568 1273 2608 C.
1329 2568 1443 2607 ultra
1470 2568 1511 2608 C.
1627 2571 1694 2608 40.
1720 2580 1823 2608 cum
1843 2568 1884 2609 C.

406 2662 409 2665 Δ
473 2643 536 2678 44.
572 2640 820 2678 clarescant
847 2638 888 2678 C.
1014 2641 1078 2676 42.
1106 2640 1332 2677 comutatfi
1359 2638 1399 2677 C.
1524 2642 1589 2677 43.
1617 2641 1799 2678 tuentur
1812 2640 1884 2687 Bb,

354 2713 505 2749 tueare
543 2709 594 2749 Co
621 2714 659 2748 (ἵ
690 2711 844 2760 reliqui
879 2721 1031 2749 omnes.
1231 2713 1294 2749 45.
1342 2710 1401 2748 nu
1429 2710 1471 2749 C.
1555 2710 1716 2760 incepti
1752 2721 1811 2759 pr
1841 2708 1883 2749 C.

469 2784 534 2819 48.
572 2783 803 2831 expectare
820 2780 925 2822 BCJ.
981 2780 1069 2819 anfi
1082 2779 1123 2819 C.
1220 2783 1286 2819 49.
1309 2791 1465 2819 vacare
1482 2779 1676 2836 gonestfi
1693 2779 1821 2820 hoste
1842 2779 1883 2821 C.

353 2846 495 2904 ostem
519 2862 557 2918 β.
621 2864 806 2903 uolnera
828 2866 876 2904 B.
997 2868 1065 2905 ΞΟ.
1093 2866 1180 2903 imo
1203 2864 1276 2905 bc.
1342 2866 1429 2904 imo
1445 2864 1571 2904 ihers
1595 2865 1760 2912 videre,
1788 2876 1888 2904 corr

354 2937 432 2974 tvW
466 2934 506 2975 C.
581 2937 812 2986 acquirere
833 2934 937 2975 BCc.
