2048 3275
304 338 351 374 40

308 791 357 827 ⁴5

387 167 483 216 142
885 179 1041 212 ivtlvs
1068 178 1379 227 carlrotmvs

386 329 607 372 maturos
654 336 772 369 eum
818 320 906 383 qui
962 326 1069 368 erat
1123 326 1322 367 creatus
1373 317 1612 367 dicebant
1659 334 1813 382 quam
1863 318 1916 368 id

388 415 572 463 nostris
610 412 886 477 placuisset
924 410 1332 475 imperatoribus.
1412 411 1592 459 Lucius
1632 419 1803 459 tamen
1833 412 1915 459 in-

388 507 522 554 vitus
559 498 817 569 profectus
857 510 949 552 est.
1029 519 1145 551 cum
1196 502 1426 566 plerique
1467 502 1532 551 ad
1581 502 1768 567 legatos
1818 504 1916 551 im-

388 605 679 663 peratorum
719 597 977 644 mitterent
1015 594 1312 644 defectionis
1337 595 1543 643 veniam
1579 594 1910 659 postulantes,

392 690 574 739 Lucius
613 688 821 752 quidem
864 686 1002 751 quod
1040 688 1257 736 amissus
1296 693 1431 735 esset
1454 686 1742 750 praefectus
1765 703 1918 752 prae-

390 783 512 831 torio
553 783 732 830 Furius
769 781 1055 829 Victorinus
1105 786 1255 842 atque
1293 794 1411 843 pars
1459 780 1710 828 exercitus
1758 780 1918 827 inter—

392 876 513 923 isset
580 871 904 921 redeundum
964 887 1074 920 esse
1144 870 1403 920 censebat.
1491 872 1689 920 Marcus
1725 878 1914 932 autem,

396 967 585 1031 fingere
624 965 868 1014 barbaros
895 965 1170 1012 aestimans
1210 971 1259 1011 et
1296 963 1467 1028 fugam
1495 971 1544 1011 et
1582 971 1748 1012 cetera
1787 979 1917 1027 quae

396 1059 720 1107 securitatem
759 1057 991 1105 bellicam
1031 1055 1384 1118 ostenderent,
1449 1054 1512 1103 ob
1563 1056 1656 1103 hoc
1693 1071 1757 1103 ne
1795 1057 1919 1104 tanti

396 1158 667 1215 apparatus
707 1149 836 1197 mole
876 1156 1233 1212 premerentur
1270 1146 1566 1196 instandum
1606 1163 1718 1196 esse
1758 1146 1918 1196 duce—

397 1243 499 1291 bat.
567 1241 789 1305 denique
839 1241 1149 1289 transcensis
1206 1238 1422 1304 Alpibus
1470 1239 1669 1304 longius
1714 1256 1922 1304 proces-

399 1342 576 1384 serunt
613 1340 1108 1398 composueruntque
1156 1333 1325 1381 onmia
1382 1348 1512 1396 quac
1552 1332 1616 1391 ad
1655 1332 1921 1380 munimen

399 1428 568 1476 Italiae
621 1434 772 1490 atque
836 1426 1019 1490 Illyrici
1068 1424 1411 1489 pertinebant.
1509 1425 1699 1489 placuit
1755 1432 1922 1474 autem

398 1526 610 1584 urgente
671 1519 819 1566 Lucio
871 1526 923 1567 ut
984 1519 1281 1582 praemissis
1338 1516 1403 1565 ad
1453 1524 1691 1566 senatum
1746 1517 1923 1565 litteris

401 1613 582 1661 Lucius
619 1611 898 1659 Romanam
936 1609 1150 1670 rediret3
1197 1607 1492 1672 Altinoque‚
1525 1617 1793 1674 postquam
1832 1610 1926 1656 iter

515 1756 582 1794 42.
612 1758 704 1802 post
726 1756 790 1791 est
817 1754 1096 1792 Mommsenus
1119 1754 1390 1801 interpunxit.
1515 1754 1528 1788 4
1544 1752 1579 1788 4.
1609 1754 1652 1790 et
1673 1751 1818 1790 lucius
1841 1751 1922 1797 BP,

402 1825 563 1864 Lucius
585 1824 880 1863 Mommsenus.
1030 1825 1094 1861 45.
1122 1825 1287 1873 utquae
1313 1823 1359 1871 B,
1396 1825 1533 1872 utque
1556 1821 1599 1859 P.
1753 1824 1820 1858 46.
1855 1831 1927 1860 es-

402 1899 467 1936 set
489 1897 536 1943 B,
566 1895 651 1933 ee*
671 1895 716 1936 Ρ,
839 1897 904 1932 212.
930 1893 1089 1944 yllirici
1108 1894 1156 1932 B.
1290 1895 1356 1933 24.
1371 1893 1605 1942 Altinoque
1627 1892 1924 1941 Mommsenus,

403 1967 551 2017 ibique
587 1968 621 2005 H
651 1966 878 2013 Iordamaes,
935 1963 1191 2014 biaquoque
1223 1964 1301 2002 BP.
1399 1964 1496 2002 Veri
1534 1975 1567 2003 c.
1602 1966 1623 2001 9
1664 1963 1719 2002 ad
1760 1963 1930 2002 bellum

404 2038 720 2077 Germanicum
742 2037 927 2084 Marcus,
965 2035 1085 2085 quod
1108 2035 1241 2073 nollet
1265 2035 1451 2073 Lucium
1473 2035 1567 2073 sine
1593 2045 1637 2073 se
1660 2034 1730 2072 vel
1753 2034 1809 2072 ad
1831 2033 1929 2072 bel-

403 2109 494 2147 lum
516 2109 692 2147 mittere
715 2107 785 2145 vel
818 2109 861 2144 in
882 2105 993 2146 urbe
1017 2106 1241 2144 dimittere
1264 2116 1394 2144 causa
1417 2105 1632 2153 luxuriae⁷
1669 2104 1803 2143 simul
1824 2115 1929 2155 pro-

404 2179 505 2218 fecti
537 2182 639 2218 sunt
671 2181 805 2228 atque
837 2177 1083 2227 Aquileiam
1114 2179 1329 2215 venerunt
1363 2177 1595 2228 invitoque
1627 2176 1763 2215 Lucio
1796 2175 1927 2226 Alpes

405 2250 683 2299 transgressi,
720 2259 821 2287 cum
842 2248 986 2287 Verus
1008 2247 1125 2298 apud
1147 2246 1397 2297 Aquileiam
1420 2250 1594 2287 tantum
1614 2249 1801 2286 venatus
1821 2257 1931 2286 con-

404 2322 665 2370 vivatusque
699 2322 829 2367 esset,
865 2319 1038 2358 Marcus
1070 2320 1218 2356 autem
1241 2319 1389 2356 omnia
1419 2320 1729 2369 prospexisset.
1767 2318 1821 2357 de
1844 2328 1930 2367 quo

405 2392 521 2431 bello
556 2390 753 2442 [quidem
774 2401 855 2441 per
887 2389 1050 2439 legatos
1072 2387 1364 2427 barbarorum
1386 2399 1543 2439 pacem
1564 2390 1813 2440 petentium
1835 2389 1932 2439 qui-

406 2464 509 2502 dem
540 2473 620 2513 per
652 2462 790 2500 duces
822 2462 996 2499 nostros
1019 2461 1195 2509 gestum
1226 2459 1306 2509 est]
1340 2460 1385 2498 in
1407 2460 1542 2499 Marci
1563 2461 1650 2498 vita
1672 2459 1929 2511 plenissime

407 2534 683 2584 disputatum
717 2535 796 2571 est.
852 2531 1082 2581 conposito
1115 2532 1264 2569 autem
1292 2529 1411 2569 bello
1444 2531 1488 2568 in
1520 2530 1757 2578 Pannonia,
1792 2540 1932 2579 urgu-

407 2608 508 2642 ente
542 2604 675 2642 Lucio
706 2602 955 2653 Aquileiam
994 2602 1223 2640 redierunt
1264 2601 1473 2652 quodque
1515 2599 1709 2639 urbanas
1751 2599 1930 2638 deside-

409 2673 535 2713 rabat
556 2675 717 2713 Lucius
748 2673 1012 2724 voluptates,
1048 2674 1092 2711 in
1124 2671 1283 2710 urbem
1316 2671 1588 2711 destinatum
1619 2673 1698 2709 est.
1736 2670 1813 2709 sed
1846 2681 1932 2709 non

410 2746 535 2795 longe
568 2744 621 2783 ab
653 2745 798 2784 Altino
844 2743 992 2783 subito
1025 2744 1069 2781 in
1100 2742 1306 2781 vehiculo
1341 2741 1496 2781 morbo
1538 2752 1671 2792 quem
1702 2740 1934 2792 apoplexin

408 2818 568 2855 vocant
608 2818 840 2865 correptus
881 2815 1065 2863 Lucius,
1123 2813 1352 2865 depositus
1395 2824 1417 2851 e
1459 2812 1689 2860 vehiculo,
1739 2811 1933 2851 detracto

411 2887 623 2937 sanguine
666 2886 862 2925 Altinum
912 2885 1177 2936 perductus,
1233 2895 1335 2923 cum
1377 2883 1522 2922 triduo
1562 2885 1714 2922 mutus
1755 2882 1935 2921 vixisset

411 2958 529 3010 apud
560 2957 758 2996 Altinum
789 2957 934 3008 periit.
1000 2958 1113 2994 inter
1145 2965 1243 2994 corr
1265 2955 1308 2994 P.
