2048 3275
234 610 282 644 -20

266 972 296 1015 6

238 1815 286 1849 40

238 2278 288 2312 45

320 262 349 309 6
878 273 1121 311 consur
1142 274 1299 306 mem

315 416 580 464 interiores
607 415 887 479 simplicius
926 423 976 464 et
1013 416 1273 478 antiquitis
1297 415 1671 479 permutatione
1710 430 1849 462 mer-

315 508 448 555 cium
499 514 731 556 utuntur.
811 508 1082 572 pecuniam
1134 507 1354 571 probant
1391 515 1618 555 veterem
1672 513 1721 554 et
1759 505 1849 555 diu

316 607 503 662 notam,
549 607 766 648 serratos
793 599 1108 663 bigatosque.
1164 606 1430 664 argentum
1458 614 1662 662 quoque
1691 599 1850 662 magis

316 705 469 754 quam
496 707 678 740 aurum
716 698 1018 754 sequuntur,
1065 692 1203 740 nulla
1237 692 1499 740 affectione
1539 691 1712 753 animi,
1758 690 1850 739 sed

317 784 435 846 quia
459 799 706 832 numerus
726 791 1079 848 argenteorum
1108 783 1300 832 facilior
1319 784 1435 832 usui
1465 792 1542 832 est
1561 783 1847 847 promiscua

317 891 375 923 ac
412 876 533 923 vilia
573 875 934 924 mercantibus.

427 983 490 1015 ne
540 967 730 1016 ferrum
782 967 991 1031 quidem
1043 976 1307 1032 superest,
1371 969 1502 1016 sicut
1551 984 1615 1015 ex
1665 983 1852 1032 genere

317 1059 531 1108 telorum
561 1060 825 1124 colligitur.
884 1061 983 1108 rari
1023 1059 1203 1124 gladiis
1231 1068 1318 1109 aut
1355 1059 1634 1109 maioribus
1661 1060 1853 1108 lanceis

317 1160 556 1201 utuntur:
613 1152 781 1200 hastas
819 1152 901 1200 vel
940 1153 1168 1216 ipsorum
1208 1152 1454 1201 vocabulo
1494 1152 1712 1201 frameas
1763 1168 1853 1216 ge-

317 1252 452 1306 runt7
499 1252 712 1308 angusto
744 1252 793 1292 et
818 1243 964 1293 brevi
991 1244 1139 1308 ferro,
1176 1244 1269 1293 sed
1296 1246 1362 1293 ita
1390 1245 1492 1293 acri
1520 1253 1570 1293 et
1608 1244 1673 1293 ad
1699 1261 1851 1293 usum

318 1335 475 1384 habili
512 1344 569 1384 ut
606 1335 786 1385 eodem
823 1336 922 1384 telo
960 1345 1110 1400 prout
1159 1339 1282 1386 ratio
1322 1338 1484 1402 poscit
1521 1337 1604 1385 vel
1642 1338 1854 1386 commi-

319 1444 417 1477 nus
455 1429 537 1476 vel
577 1429 779 1476 eminus
831 1439 1079 1493 pugnent.
1149 1438 1198 1477 et
1247 1444 1406 1492 eques
1455 1429 1664 1493 quidem
1715 1436 1854 1478 scuto

318 1521 614 1583 frameaque
654 1528 922 1570 contentus
961 1529 1061 1585 est,
1121 1521 1321 1586 pedites
1361 1531 1411 1571 et
1447 1522 1659 1570 missilia
1707 1537 1854 1586 spar-

320 1621 459 1677 gunt,
505 1612 755 1676 pluraque
783 1614 984 1677 singuli7
1031 1621 1183 1678 atque
1209 1615 1263 1662 in
1290 1615 1601 1663 immensum
1627 1613 1848 1676 vibrant,

319 1703 444 1753 nudi
486 1712 572 1753 aut
610 1705 784 1769 sagulo
823 1705 983 1754 leves.
1050 1707 1190 1755 nulla
1230 1707 1394 1756 cultus
1433 1707 1658 1767 iactati03
1716 1714 1855 1755 scuta

321 1804 518 1846 tantum
557 1797 845 1846 lectissimis
884 1798 1138 1847 coloribus
1176 1798 1512 1863 distinguunt.
1566 1799 1742 1863 paucis
1781 1798 1857 1845 lo-

320 1891 475 1952 ricae,
532 1891 619 1938 vix
665 1890 755 1939 uni
795 1890 1004 1939 alterive
1046 1893 1202 1941 cassis
1241 1899 1327 1941 aut
1372 1892 1530 1956 galea.
1595 1892 1713 1954 equi
1754 1906 1856 1939 non

319 1981 495 2044 forma,
560 1998 662 2029 non
712 1982 976 2031 velocitate
1025 1984 1302 2048 conspicui.
1373 1983 1464 2032 sed
1517 1999 1613 2032 nec
1658 1984 1856 2031 variare

321 2090 467 2138 gyros
517 2075 570 2122 in
611 2090 805 2123 morem
845 2083 1073 2125 nostrum
1115 2076 1390 2125 docentur:
1445 2077 1498 2124 in
1536 2083 1730 2124 rectum
1770 2082 1857 2124 aut

321 2181 423 2214 uno
450 2165 590 2214 flexu
618 2165 824 2216 dextros
853 2176 1025 2232 agunt,
1071 2169 1136 2216 ita
1166 2169 1431 2217 coniuncto
1461 2167 1583 2216 orbe
1622 2175 1679 2216 ut
1705 2183 1856 2215 nemo

321 2259 570 2322 posterior
608 2259 688 2307 sit.
1019 2265 1021 2267 ’

437 2432 501 2467 18.
530 2430 738 2468 mertium
767 2430 809 2470 C.
935 2433 1000 2469 49.
1026 2429 1183 2481 probat
1203 2431 1261 2469 bis
1282 2430 1322 2470 C.
1447 2433 1513 2469 20.
1540 2431 1787 2480 ligatosque
1810 2428 1850 2468 C.

436 2502 502 2538 21.
539 2502 751 2539 secuntur
779 2500 844 2540 Cc.
909 2500 1143 2540 affectione
1171 2500 1235 2549 Cc,
1271 2501 1550 2540 affectatione
1573 2501 1645 2540 Bb.

438 2573 475 2617 6,
520 2574 550 2608 1.
586 2570 680 2609 Nec
703 2593 752 2599 —
779 2570 864 2625 qd&
896 2575 1049 2627 supest
1075 2571 1209 2623 quide
1236 2572 1278 2612 C.
1459 2575 1495 2609 2.
1533 2572 1741 2610 tellorum
1771 2570 1813 2611 C.

439 2643 476 2678 5.
513 2641 617 2679 tello
644 2641 684 2681 C.
750 2642 954 2680 cominus
977 2643 1012 2682 b.
1118 2647 1154 2682 6.
1181 2641 1353 2694 pugn&
1372 2642 1414 2682 C.
1520 2646 1555 2682 7.
1582 2653 1855 2693 parmeaque

323 2721 355 2749 c.
403 2710 603 2749 missillia
622 2711 662 2750 C.
758 2716 796 2751 8.
823 2715 953 2763 atque
974 2716 991 2752 i
1013 2716 1029 2752 i
1052 2725 1257 2752 mensum
1281 2713 1345 2761 Cc,
1373 2716 1504 2763 atque
1522 2716 1540 2752 i
1557 2724 1762 2752 mensum
1783 2713 1852 2759 Bb,

323 2782 365 2820 in
398 2793 534 2831 supra
557 2783 779 2832 adscripsit
802 2781 839 2833 β.
963 2787 1029 2821 40.
1067 2783 1292 2832 latissimis
1324 2781 1567 2835 colloribus
1590 2784 1633 2824 C.
1697 2784 1858 2823 distin-

323 2856 427 2902 gunt
447 2852 575 2892 Bch.
720 2856 784 2891 Μ.
823 2856 896 2891 aut
922 2853 1045 2903 galea
1067 2855 1303 2902 Rhenanus,
1341 2858 1416 2893 aut
1437 2855 1559 2906 galee
1583 2856 1685 2903 Βὸο,
1721 2866 1860 2904 auga-

322 2923 389 2972 lee
417 2923 458 2963 C.
639 2926 706 2963 42.
742 2924 916 2962 uariare
951 2924 1057 2971 Boc,
1102 2926 1319 2964 uarietate
1343 2926 1379 2964 b.
1560 2930 1626 2965 43.
1673 2926 1788 2977 giros
1815 2924 1855 2965 C.

438 2995 504 3032 44.
542 2993 740 3042 dex(tros
763 2994 831 3032 vel
856 2995 1077 3044 sinisstros
1099 2996 1272 3048 Adolfus
1292 2996 1519 3036 Michaelis.
1566 2998 1805 3036 coniuncto
1827 3000 1864 3036 et
