2048 3275
237 337 304 380 26

268 708 289 743 ὅ

241 1165 288 1200 40

236 1531 300 1576 27

324 170 388 218 24
876 181 1106 215 CORNELII
1146 179 1305 212 moiri

425 325 575 373 fenus
616 323 804 386 agitare
858 329 907 369 et
957 323 1010 369 in
1049 335 1232 368 usuras
1272 317 1552 367 extendere
1594 318 1850 382 ignotum;

321 417 540 480 ideoque
569 415 727 479 magis
768 421 1001 462 servatur
1028 428 1182 476 quam
1222 411 1264 458 si
1303 411 1518 459 vetit-um
1557 416 1708 458 esset.
1753 409 1859 473 agri

320 525 412 573 pro
462 522 677 556 numero
725 505 975 554 cultorum
1025 504 1089 553 ab
1127 503 1385 552 universis
1437 503 1489 550 in
1528 502 1666 550 vices
1707 516 1859 549 occu-

322 608 533 665 pantur,
581 614 709 662 quos
760 614 878 645 mox
916 599 1050 646 inter
1088 612 1142 645 se
1182 594 1470 644 secundum
1510 593 1857 658 dignationem

321 693 629 757 partiuntur.
707 689 997 739 facilitatem
1044 687 1301 754 partiendi
1352 702 1647 750 camporum
1697 686 1859 749 spatia

322 784 569 848 praebent
592 801 599 830 :
646 798 766 832 arva
794 797 887 847 per
914 797 1075 830 annos
1104 788 1317 841 mutant,
1366 786 1413 827 et
1453 785 1689 842 superest
1715 792 1853 842 ager.

323 893 418 925 nec
468 876 604 924 enim
652 891 769 923 cum
818 873 1051 922 ubertate
1092 880 1141 920 et
1177 870 1513 936 amplitudine
1554 869 1644 918 soli
1685 868 1858 918 labore

323 967 666 1028 contendunt‚
722 974 780 1015 ut
825 966 1054 1030 pomaria
1105 972 1373 1012 conserant
1418 971 1464 1012 et
1514 969 1658 1027 prata
1708 977 1859 1026 sepa—

322 1069 436 1109 rent
475 1067 522 1107 et
560 1060 729 1107 hortos
768 1059 954 1122 rigent3
1024 1057 1129 1105 sola
1166 1064 1331 1104 terrae
1371 1071 1516 1120 seges
1555 1056 1853 1118 imperatur.

322 1152 461 1201 unde
513 1167 705 1201 annum
745 1165 948 1214 quoque
1000 1150 1169 1214 ipsum
1221 1164 1323 1196 non
1373 1149 1426 1195 in
1464 1145 1675 1195 totidem
1715 1144 1859 1210 dige-

321 1252 440 1293 runt
480 1244 704 1308 species:
750 1243 914 1290 hiems
943 1250 989 1290 et
1029 1257 1122 1289 ver
1161 1250 1209 1289 et
1249 1249 1414 1289 aestas
1446 1239 1761 1287 intellectum
1801 1254 1858 1286 ac

323 1336 571 1385 vocabula
612 1335 817 1397 habent⁷
876 1336 1108 1383 autumni
1148 1332 1361 1397 perinde
1401 1348 1589 1380 nomen
1628 1346 1686 1379 ac
1723 1330 1857 1378 bona

323 1430 635 1493 ignorantur.

427 1520 664 1568 funerum
707 1519 846 1567 nulla
885 1517 1112 1566 ambitio.
1167 1517 1220 1565 id
1259 1518 1423 1566 solum
1463 1516 1766 1564 observatur
1803 1522 1859 1562 ut-

321 1628 530 1676 corpora
580 1612 831 1660 clarorum
869 1611 1095 1659 virorum
1160 1611 1309 1658 certis
1355 1610 1504 1673 lignis
1543 1615 1852 1656 crementur.

321 1713 514 1753 struem
553 1704 658 1767 rogi
707 1719 802 1751 nec
843 1702 1073 1750 vestibus
1124 1718 1219 1750 nec
1267 1701 1508 1750 odoribus
1561 1699 1850 1748 cumulant:

321 1812 412 1845 sua
451 1797 636 1860 cuique
676 1811 841 1855 arma,
899 1793 1222 1858 quorundam
1262 1795 1367 1858 igni
1406 1802 1453 1841 et
1494 1808 1658 1856 equus
1698 1790 1859 1840 adici-

321 1896 424 1937 tur.
492 1888 782 1952 sepulcrum
812 1903 1022 1950 caespes
1062 1888 1236 1951 erigit:
1284 1893 1735 1935 monumentorum
1774 1899 1858 1931 ar-

321 1980 481 2029 duum
534 1988 581 2028 et
633 1995 903 2044 operosum
952 1980 1195 2027 honorem
1245 1987 1301 2027 ut
1350 1993 1554 2043 gravem
1606 1974 1859 2024 defunctis

437 2225 505 2268 26,
544 2223 581 2259 4.
619 2219 777 2259 foenus
800 2220 893 2261 ch.
1084 2224 1124 2259 2.
1162 2221 1197 2259 si
1221 2220 1354 2258 ventsi
1382 2219 1421 2259 C.
1595 2220 1631 2256 3.
1669 2218 1713 2256 in
1737 2218 1858 2256 uices

323 2295 369 2342 B,
416 2291 562 2331 inuio}
593 2292 631 2339 b,
687 2293 810 2330 uices
838 2292 876 2340 C,
923 2292 1043 2343 vices
1066 2303 1100 2330 c.
1301 2294 1338 2329 6.
1375 2287 1477 2343 phet
1499 2289 1535 2336 b,
1584 2287 1855 2339 praebente,

323 2344 523 2430 psseessfaniit
545 2378 593 2424 B,
628 2379 748 2430 pstat
775 2377 815 2417 C.
998 2380 1036 2415 7.
1075 2387 1157 2415 nec
1181 2378 1237 2415 no
1261 2387 1363 2415 cum
1391 2375 1430 2415 C.
1509 2373 1784 2425 amplitudine
1814 2372 1854 2412 C.

323 2448 557 2530 {langravhore
584 2449 688 2495 1300,
739 2448 756 2486 i
779 2447 976 2487 laborare
1009 2458 1161 2497 margo
1196 2448 1243 2495 B,
1293 2446 1308 2484 i
1339 2456 1435 2484 rare
1458 2456 1591 2495 supra
1613 2446 1779 2494 scripsit
1801 2442 1855 2491 οἳ,

322 2534 519 2573 laborare
542 2535 578 2573 b.
739 2537 776 2573 8.
814 2534 1012 2584 pomeria
1037 2544 1070 2571 c.
1156 2534 1363 2583 seperent
1384 2531 1457 2570 Bb.
1638 2532 1677 2567 9.
1715 2531 1759 2567 et
1785 2526 1854 2578 Οβ,

322 2607 371 2643 ut
393 2605 486 2643 Bbc,
668 2608 733 2643 40.
770 2615 906 2643 anum
933 2604 973 2644 C.
1157 2607 1223 2641 Μ.
1260 2602 1425 2653 speties
1449 2612 1484 2640 c,
1550 2601 1707 2651 hyems
1731 2597 1855 2640 3002.

409 2674 637 2714 intellectu
660 2674 809 2714 vocale
839 2675 879 2715 C.

435 2763 504 2806 27,
544 2764 581 2798 4.
619 2759 855 2799 observant
879 2760 901 2798 b
929 2764 966 2799 et
986 2760 1203 2809 Hauptius,
1242 2742 1459 2797 obseruaf
1474 2757 1521 2803 B,
1550 2750 1774 2795 obsJvatur
1791 2755 1853 2795 Cc.

440 2833 476 2870 4.
514 2832 601 2880 igni
635 2831 738 2877 Bbc,
784 2832 918 2881 igitur
949 2831 989 2870 C.
1092 2840 1201 2880 equs
1229 2841 1272 2875 c,
1318 2827 1394 2879 eq9
1429 2828 1469 2869 C.
1587 2827 1777 2866 adicitur
1815 2826 1855 2873 C,

322 2902 529 2941 adiicitur
553 2902 623 2947 Bb,
669 2901 879 2951 adjicitur
902 2913 935 2940 c.
1042 2911 1197 2951 cespes
1222 2900 1312 2940 ch.
1521 2900 1558 2936 6.
1596 2897 1790 2937 defuntis
1819 2897 1859 2938 C.
