2048 3275
410 163 472 213 78
877 177 903 208 E
928 174 1190 208 STRABoxls
1227 173 1368 207 Lumo
1397 174 1482 206 vu.

398 321 483 385 τῆς
522 312 649 366 κατὰ
686 311 797 372 τοὺς
825 310 1176 370 Οὗινὸολικους
1203 311 1287 363 καὶ
1315 308 1553 370 ζΡαιτους
1603 308 1686 363 καὶ
1719 307 1934 380 Ἐλεητ-

402 409 547 466 τίους.

344 518 366 556 2
506 498 671 570 Μέρος
714 497 798 567 μὲν
841 495 899 566 δή
941 519 986 550 τι
1022 502 1107 566 τῆς
1144 494 1315 567 χώρας
1361 494 1539 565 ταύτης
1577 492 1851 566 ἠρήμωσαν
1892 497 1937 548 οἱ

398 590 550 644 Δακοὶ
587 586 1083 659 καταπολεμήσαντες
1122 588 1303 648 Βοίους
1340 587 1425 640 καὶ
1460 587 1781 658 Ταυρίσκους,
1815 588 1935 657 ἔθνη

401 682 618 737 Κελτικὰ
654 682 715 736 τὰ
752 680 842 735 ὑπὸ
872 681 1180 752 Κριτασίρῳ,
1238 678 1505 751 φάσκοντες
1544 680 1672 732 εἶναι
1695 678 1781 750 τὴν
1821 678 1937 751 χώ-

403 798 488 848 ραν
532 777 789 847 σφετέραν,
832 775 1005 845 καίπερ
1044 778 1265 843 ποταμοῦ
1307 774 1600 843 διείργοντος
1645 777 1731 824 τοῦ
1770 772 1939 843 Παρί-

348 884 369 919 5
406 892 512 934 σου,
558 870 748 940 ῥέοντος
791 865 883 920 ἀπὸ
922 872 1018 919 τῶν
1059 864 1186 937 ὂρῶν
1227 865 1305 917 ἐπὶ
1342 863 1422 918 τὸν
1450 860 1638 935 Ἵστρον
1667 862 1794 916 κατὰ
1830 862 1941 924 τοὺς

405 961 732 1032 Σκορδίσκους
771 960 1107 1028 καλουμένους
1148 956 1401 1017 Γαλάτας·
1447 957 1531 1009 καὶ
1570 955 1662 1027 γὰρ
1684 952 1818 1009 οὗτοι
1842 959 1941 1015 τοῖς

397 1052 687 1123 Ἰλλυρικοῖς
726 1053 893 1104 ἔθνεσι
930 1050 1012 1104 καὶ
1050 1054 1148 1111 τοῖς
1201 1051 1429 1122 Θρᾳκίοις
1478 1048 1653 1118 ἀναμὶξ
1700 1043 1935 1121 ᾤκησαν·

403 1144 515 1198 ἀλλ’
563 1145 776 1204 ἐκείνους
818 1145 902 1214 μὲν
943 1147 987 1197 οἱ
1028 1143 1181 1196 Δακοὶ
1219 1145 1510 1203 κατέλυσαν,
1555 1140 1741 1201 τούτοις
1780 1141 1943 1194 δὲκαὶ

406 1236 681 1309 συμμάχοις
721 1235 997 1308 ἐχρήσαντο
1036 1234 1293 1294 πολλάκις.
1358 1234 1411 1287 τὸ
1452 1234 1504 1286 δὲ
1554 1234 1721 1287 λοιπον
1771 1235 1942 1305 ἔχουσι

323 1345 370 1380 ⁴0
407 1332 671 1385 Παννονιοι
712 1332 858 1401 μέχρι
897 1330 1191 1398 Σεγεστικῆς
1229 1326 1311 1380 καὶ
1344 1321 1541 1397 Ἴστρου
1588 1325 1707 1397 πρὸς
1765 1321 1940 1397 ἄρκτον

405 1423 487 1477 καὶ
525 1426 626 1476 ἕω·
668 1421 786 1494 πρὸς
827 1422 879 1474 δὲ
917 1417 1075 1475 τᾶλλα
1116 1422 1238 1491 μέρη
1280 1419 1357 1472 ἐπὶ
1400 1421 1546 1472 πλέον
1599 1420 1939 1472 διατείνουσιν.

535 1613 574 1660 E
616 1611 910 1660 POMPONII
950 1607 1162 1658 MELAE
1202 1608 1283 1656 DE
1325 1606 1822 1656 CHOROGRAPHIA

1064 1723 1219 1762 LIBRO
1252 1723 1283 1760 Ι.

260 1837 382 1881 345
513 1827 714 1890 Europa
768 1826 1011 1873 terminos
1069 1822 1221 1871 habet
1271 1821 1334 1871 ab
1394 1823 1586 1870 oriente
1637 1821 1830 1869 Tanain
1895 1828 1942 1868 et

406 1917 648 1968 Maeotida
690 1925 737 1966 et
779 1919 1020 1979 Pontum,
1067 1932 1094 1964 a
1135 1913 1347 1963 meridie
1388 1914 1585 1976 reliqua
1625 1913 1780 1961 nostri
1832 1928 1942 1960 ma—

408 2014 492 2074 ris,
545 2011 608 2060 ab
647 2009 907 2059 occidente
935 2007 1258 2070 Atlanticum,
1294 2024 1319 2055 a
1361 2006 1704 2069 septentrione
1745 2006 1944 2052 Britan-

326 2122 374 2157 48
410 2106 581 2153 nicum
622 2103 882 2151 Oceanum
917 2139 926 2148 .
965 2139 973 2147 .
1012 2138 1021 2147 .
1057 2139 1066 2147 .
1124 2101 1351 2164 gentium
1399 2099 1564 2163 prima
1602 2104 1679 2146 est
1717 2097 1936 2162 Scythia,

410 2197 505 2246 alia
545 2211 697 2259 quam
739 2193 870 2242 dicta
902 2201 975 2241 est
1015 2191 1079 2241 ad
1119 2193 1326 2254 Tanain,
1377 2189 1542 2239 media
1569 2189 1728 2238 ferme
1755 2189 1944 2237 Pontici

408 2288 605 2337 lateris:
664 2287 782 2334 hinc
820 2286 871 2333 in
911 2284 1099 2349 Aegaei
1137 2292 1333 2348 part-em
1385 2285 1651 2348 pertinens
1702 2280 1941 2329 Thraciae

409 2396 464 2429 ac
509 2377 829 2427 Macedoniae
881 2377 1191 2441 adiungitur.
1281 2383 1389 2424 tum
1440 2374 1645 2424 Graecia
1693 2374 1947 2437 prominet

409 2473 773 2536 Aegaeumque
815 2469 878 2518 ab
916 2470 1051 2517 Ionio
1092 2470 1217 2517 mari
1258 2467 1467 2516 dirimit.
1548 2465 1820 2514 Hadriatici
1871 2465 1946 2514 la-

526 2632 588 2666 43.
622 2621 895 2680 ‘Elem-,ion
923 2625 1088 2673 Comes,
1105 2624 1349 2672 Meineltius,
1376 2620 1550 2667 τοινίους
1574 2622 1671 2661 libre·
1699 2622 1762 2674 (cf.
1783 2633 1825 2672 p.
1847 2624 1940 2660 492.

411 2703 449 2746 3,
477 2701 533 2746 2¹,
600 2694 756 2741 Βοῖους
787 2696 1072 2744 Οαεααόοηαε,
1103 2696 1298 2735 Ζθάεειύε
1322 2696 1417 2732 233.

525 2771 563 2811 2,
593 2771 630 2806 2.
668 2766 786 2808 δάκοι
812 2767 908 2807 BCl.
1090 2770 1127 2804 3.
1165 2762 1436 2818 εκρετοσείρῳ
1459 2764 1560 2813 ΑΖΒ,
1604 2760 1831 2818 κρετοσίρω
1860 2762 1889 2802 C
1910 2766 1948 2801 et

411 2840 443 2879 B
466 2850 520 2879 ea:
543 2842 808 2878 correctura.
847 2841 953 2889 conf.
981 2849 1021 2886 p.
1051 2840 1128 2875 303
1152 2848 1214 2886 sq.
1310 2832 1540 2889 φάσκοντος
1564 2835 1626 2874 AI.
1807 2836 1844 2872 8.
1874 2830 1949 2872 δοί-

410 2924 476 2950 κοι
501 2909 599 2950 BCl.
794 2912 858 2947 40.
899 2906 1044 2964 μέχρις
1069 2905 1304 2961 αἰγεστικῆς
1328 2906 1372 2944 Α.
