2048 3275
625 239 647 271 ε
680 238 822 271 rum
854 238 993 271 uano
1025 238 1204 271 xxxvii.
1597 224 1691 270 10¹.)

149 396 240 429 nos
278 379 532 444 quidquid
562 380 630 428 illi
674 378 946 444 prodidere
988 378 1298 427 mirandum.
1370 379 1689 427 Phaethontis

150 472 362 522 fulmine
403 474 483 522 icti
523 488 722 521 sorores
762 472 901 521 luctu
941 480 1158 521 mutatas
1188 473 1237 519 in
1270 471 1480 519 arbores
1522 487 1685 536 popu-

151 565 223 614 los
264 566 485 614 lacrimis
524 565 770 614 electrum
810 564 1050 613 omnibus
1090 564 1240 612 annis
1280 563 1496 612 sundere
1551 565 1684 612 iuxta

155 657 432 707 Eridanum
472 674 698 720 amnem,
745 674 898 722 quem
942 656 1131 706 l'adum
1176 658 1499 718 vocavimus,
1552 657 1688 704 clec—

149 759 282 800 trum
322 752 634 816 appellatum
675 751 918 815 quoniam
959 750 1032 798 sol
1073 751 1321 798 vocitatus
1360 750 1423 797 sit
1468 750 1679 799 Elector.

153 844 358 908 plurimi
400 853 580 908 poetae
620 843 797 892 dixere
838 845 1094 908 primique
1129 851 1181 890 ut
1204 842 1421 890 arbitror
1465 842 1691 907 Aesch3-

152 938 230 986 lus
272 936 576 986 Philoxenus
635 935 908 1001 Euripides
949 935 1201 984 Nicander
1250 937 1489 1001 Sat3’rus,
1553 934 1690 999 quod

149 1046 261 1078 esse
304 1029 484 1078 salsum
540 1029 706 1078 ltaliae
763 1031 1049 1077 testimonio
1103 1037 1255 1093 patet.
1343 1028 1691 1089 diligentiores

148 1138 324 1172 eorum
379 1121 660 1171 Electridas
710 1123 904 1171 insulas
957 1123 1003 1170 in
1058 1123 1183 1170 mari
1240 1121 1524 1170 Hadriatico
1577 1137 1689 1168 esse

150 1215 393 1265 dixerunt
430 1215 495 1263 ad
534 1232 663 1280 quas
702 1214 1032 1264 delaberetur
1073 1214 1221 1263 Pado.
1301 1231 1401 1278 qua
1462 1214 1691 1279 appella—

149 1309 284 1357 tione
338 1308 505 1357 nullas
555 1323 797 1372 umquam
851 1307 917 1355 ihi
972 1308 1127 1356 luisse
1178 1315 1372 1356 certum
1427 1316 1527 1362 est,
1598 1322 1692 1354 nec

151 1416 272 1449 vero
320 1401 451 1450 ullas
510 1402 698 1465 positas
755 1416 868 1449 esse
930 1401 979 1448 in
1030 1417 1158 1464 quas
1210 1399 1494 1464 quidquam
1536 1415 1689 1448 cursu

153 1493 271 1543 l'adi
311 1494 496 1543 devehi
538 1503 728 1558 posset.
822 1509 937 1542 nam
978 1493 1116 1557 quod
1157 1493 1439 1558 Aeschylus
1491 1494 1541 1541 in
1604 1494 1690 1541 lli—

152 1586 319 1645 beria,
376 1588 468 1635 hoc
506 1594 583 1635 est
634 1587 684 1634 in
739 1587 1011 1651 Hispania,
1070 1585 1350 1635 Eridanum
1403 1602 1514 1634 esse
1565 1585 1690 1635 dixit

148 1676 762 1744 eundemqne⁰appellari
806 1679 1138 1741 Rhodanum,
1197 1679 1471 1744 Euripides
1511 1695 1690 1728 rursus

149 1781 201 1821 et
237 1773 535 1837 Apollonius
575 1773 625 1820 in
668 1771 954 1821 lladriatico
996 1773 1137 1821 litore.
1177 1773 1437 1822 confluere
1490 1770 1694 1821 Rhoda-

154 1881 276 1914 num
327 1873 378 1913 et
431 1863 648 1926 Padum,
705 1864 983 1914 faciliorem
1046 1866 1247 1914 veniam
1309 1866 1424 1913 facit
1475 1866 1687 1930 ignorati

151 1958 313 2006 sucini
347 1958 394 2005 in
436 1965 571 2005 tama
614 1959 891 2022 ignorantia
933 1958 1088 2008 orbis.
1179 1958 1541 2020 modestiores,
1599 1956 1688 2006 sed

151 2065 314 2114 aeque
356 2050 566 2111 salsum,
615 2050 887 2115 prodidere.
930 2052 979 2100 in
1027 2053 1269 2101 ext-remis
1311 2050 1580 2100 Hadriatici
1623 2052 1694 2099 si-

153 2159 251 2192 nus
290 2144 441 2192 inviis
491 2144 707 2208 rupibus
765 2144 974 2193 arbores
1021 2153 1155 2193 stare
1206 2160 1338 2208 quae
1388 2146 1530 2192 canis
1581 2154 1693 2192 ortu

153 2237 282 2284 hanc
321 2235 647 2286 effunderent
685 2239 948 2287 cummim.
1029 2238 1407 2302 Theophrastus
1447 2236 1598 2286 ctl'odi
1643 2238 1691 2284 in

155 2329 352 2394 Liguria
394 2328 539 2389 dixit,
586 2331 777 2379 Chares
818 2346 938 2378 vcro
981 2331 1340 2379 Phaethontem
1395 2332 1443 2379 in
1486 2330 1693 2378 Aethio-

268 2561 307 2597 9.
346 2570 425 2596 nos
449 2560 588 2603 Ianus,
627 2570 711 2597 non
735 2558 813 2602 BL,
852 2570 956 2597 uum
983 2559 1025 2605 F,
1064 2571 1116 2597 nc
1140 2571 1180 2598 α.
1320 2563 1386 2599 34,
1418 2563 1451 2596 t.
1492 2558 1694 2597 saetontis

153 2630 200 2675 Β,
237 2630 461 2682 phetentis
487 2630 530 2676 F,
567 2629 746 2668 setontis
766 2641 812 2668 x.
974 2635 1013 2669 2.
1051 2631 1218 2669 luctum
1245 2629 1309 2672 B'.
1345 2630 1449 2668 tletu
1476 2630 1518 2675 L,
1555 2629 1690 2668 fluctu

149 2715 195 2741 x.
292 2702 503 2753 populoso
548 2700 734 2752 populos
758 2699 821 2744 82:
849 2712 899 2739 ac
927 2702 970 2741 Β.
1096 2704 1131 2739 4.
1172 2702 1430 2740 vocavimus
1453 2704 1492 2747 3,
1520 2703 1613 2739 417.

152 2775 191 2811 6.
225 2772 440 2823 aechylus
464 2772 510 2818 B,
535 2773 741 2823 acscylus
765 2772 809 2817 F,
835 2772 1031 2821 esvyttus
1055 2772 1099 2810 L.
1135 2773 1347 2822 eschylus
1368 2784 1408 2812 α.
1561 2776 1598 2810 ’7.
1628 2773 1695 2810 ni-

152 2843 517 2893 cander—quod
541 2854 606 2882 om
624 2843 669 2882 B.
795 2852 832 2881 θ’.
866 2845 979 2882 esse}
1007 2856 1052 2882 se
1067 2843 1132 2885 13¹.
1159 2844 1235 2883 scd
1261 2843 1323 2883 Β).
1457 2847 1525 2887 32,
1551 2848 1590 2882 3.
1617 2843 1697 2882 de·

154 2915 377 2953 laveretur
399 2914 475 2962 3¹,
511 2913 790 2953 dilaberetur
820 2926 867 2953 x.
961 2915 1132 2967 appella
1159 2915 1205 2954 B.
1387 2920 1455 2956 33.
1493 2917 1529 2953 ⁴.
1567 2925 1696 2964 gum-

154 2985 258 3023 mim
286 2985 331 3031 Β,
366 2997 469 3024 cum
495 2986 604 3024 mire
630 2985 673 3024 L.

1721 388 1764 425 :ll

1728 1879 1738 1911 l
1754 1879 1773 1912 Ο

1725 1963 1776 1999 335
