2048 3275
253 1148 300 1182 110

254 1611 303 1645 215

339 248 399 295 10
888 259 1116 309 CORNELn
1157 258 1315 290 uem

333 402 545 450 sortium
584 399 901 449 consuetudo
938 399 1171 464 simplex.
1241 400 1437 463 virgam
1476 397 1744 462 frugiferae
1783 413 1867 446 ar-

333 494 443 542 bori
471 492 696 542 decisam
733 493 786 540 in
814 492 1045 541 surculos
1073 499 1340 556 amputant
1377 506 1566 554 eosque
1593 491 1724 538 notis
1751 490 1868 553 qui-

332 584 550 635 busdam
601 584 844 634 discretos
892 600 1049 648 super
1109 582 1382 632 candidam
1430 590 1627 631 vestem
1676 591 1868 630 temere

336 694 393 726 ac·
431 677 634 726 fortuito
684 685 948 741 spargunt.
1019 692 1163 739 mox,
1230 677 1270 724 si
1310 674 1514 740 publice
1554 675 1862 737 consuletur,

333 768 569 819 sacerdos
609 769 840 829 civitatis,
886 769 966 816 sin
992 768 1249 832 privatim,
1295 769 1406 832 ipse
1443 766 1592 832 pater
1625 767 1862 829 familiae,

333 870 568 926 precatus
619 860 742 909 deos
792 860 1093 923 caelumque
1144 861 1456 925 suspiciens,
1521 866 1598 906 ter
1643 859 1870 921 singulos

333 954 485 1015 tollit,
549 953 774 1002 sublatos
831 951 1115 1001 secundum
1166 953 1466 1017 impressam
1526 959 1641 999 ante
1699 958 1871 999 notam

334 1047 712 1110 interpretatur.
772 1046 812 1093 si
851 1044 1252 1109 prohibuerunt,
1310 1044 1450 1093 nulla
1491 1043 1554 1092 de
1594 1042 1775 1092 eadem
1815 1059 1868 1091 re

335 1140 387 1187 in
428 1137 653 1187 eundem
704 1136 840 1185 diem
881 1137 1206 1196 consultat-io,
1266 1137 1344 1185 sin
1384 1137 1718 1200 permissum,
1776 1152 1870 1184 au-

334 1231 608 1295 spiciorum
671 1229 838 1279 adhuc
887 1228 1014 1278 fides
1066 1230 1304 1294 exigitur.
1384 1238 1434 1277 et
1484 1228 1612 1277 illud
1661 1227 1870 1292 quidem

335 1324 487 1372 etiam
526 1323 608 1371 hic
645 1329 849 1385 notum,
909 1323 1081 1371 avium
1120 1338 1270 1370 voces
1309 1321 1611 1384 volatusque
1650 1322 1871 1369 interro-

335 1431 470 1479 gare.
545 1415 810 1480 proprium
851 1415 1014 1479 gentis
1066 1430 1313 1478 equorum
1367 1429 1570 1478 quoque
1607 1413 1873 1477 praesagia

335 1524 391 1556 ac
430 1509 654 1556 monitus
682 1507 924 1571 experiri.
992 1506 1197 1571 publice
1237 1507 1444 1556 alunt-ur
1482 1506 1666 1555 iisdem
1693 1521 1872 1553 nemo-

336 1600 480 1649 ribus
521 1615 578 1648 ac
616 1600 759 1661 lucis,
807 1598 1014 1647 candidi
1054 1607 1103 1647 et
1141 1599 1281 1648 nullo
1320 1599 1516 1648 mortali
1557 1614 1708 1662 opere
1748 1613 1872 1645 con-

336 1693 480 1741 tacti:
526 1707 653 1756 quos
690 1707 894 1756 pressos
933 1707 1074 1740 sacro
1109 1707 1261 1740 curru
1299 1691 1536 1740 sacerdos
1576 1706 1633 1739 ac
1671 1705 1763 1737 rex
1788 1689 1872 1737 vel

335 1786 576 1849 princeps
614 1785 831 1833 civitatis
872 1785 1176 1832 comitantur
1214 1785 1547 1847 hinnitusque
1601 1798 1658 1830 ac
1696 1781 1873 1830 fremi-

335 1886 416 1926 tus
456 1877 748 1926 observant.
827 1892 923 1924 nec
960 1876 1049 1925 ulli
1095 1877 1320 1941 auspicio
1361 1877 1520 1924 maior
1560 1875 1711 1937 fides,
1769 1890 1871 1922 non

337 1969 500 2019 solum
540 1968 678 2034 apud
714 1968 938 2033 plebem,
997 1968 1089 2017 sed
1128 1968 1265 2033 apud
1301 1984 1555 2033 proceres,
1612 1966 1751 2034 apud
1789 1982 1872 2015 sa-

338 2061 598 2111 cerdotes:
645 2078 698 2110 se
739 2062 876 2109 enim
915 2062 1172 2109 ministros
1212 2060 1451 2124 deorum,
1497 2061 1607 2109 illos
1647 2060 1871 2108 conscios

336 2162 531 2218 putant.
592 2162 665 2203 est
705 2162 753 2203 et
791 2153 885 2202 alia
927 2153 1212 2202 observatio
1243 2153 1589 2217 auspiciorum
1617 2168 1718 2216 qua
1757 2167 1873 2216 gra-

451 2327 489 2363 2.
527 2326 593 2364 est
615 2323 803 2375 simplex
827 2322 868 2363 C.
979 2326 1016 2362 4.
1054 2326 1204 2362 tenere
1227 2335 1361 2373 supra
1382 2327 1549 2364 temere
1573 2320 1626 2362 c2.
1723 2325 1760 2361 5.
1786 2333 1873 2360 nox

336 2396 402 2434 sin
431 2395 475 2435 C.
539 2394 788 2434 consulitur
816 2394 1047 2443 Walchius,
1093 2395 1349 2434 consulatur
1371 2395 1607 2441 Rhemum,
1643 2392 1872 2432 consulte-

337 2471 409 2507 tur
430 2467 635 2506 Halme'us.
780 2468 817 2504 6.
854 2466 1101 2504 sanctitatis
1124 2477 1157 2504 c.
1303 2469 1338 2504 7.
1376 2465 1641 2516 coelumque
1666 2465 1701 2504 b.
1766 2474 1871 2514 sup—

336 2537 522 2588 pliciens
553 2537 596 2578 C.
740 2539 779 2574 9.
815 2536 1229 2586 interpretationem
1253 2535 1294 2576 C.
1357 2536 1658 2588 prohibuerat
1694 2534 1734 2575 C.

452 2611 519 2646 43.
556 2608 665 2657 getis
687 2607 734 2646 B.
799 2617 1021 2657 equorum
1045 2618 1220 2657 quoque
1248 2607 1339 2656 Bbc,
1378 2605 1593 2658 equori’iq3
1627 2606 1666 2647 C.

452 2709 518 2745 46.
554 2683 729 2761 pressas
752 2706 787 2744 b.
893 2709 958 2745 47.
996 2707 1288 2745 sanctitatisc.
1353 2705 1726 2755 hinnitusqueBb,
1755 2704 1873 2742 him-

337 2778 456 2816 nitus
484 2777 527 2824 C,
565 2776 764 2815 hinnitus
788 2787 821 2815 c.
980 2779 1046 2814 48.
1083 2777 1272 2827 auspitio
1299 2775 1339 2816 C.
1507 2779 1572 2814 119.
1610 2775 1688 2814 sed
1714 2774 1755 2823 C,
1793 2775 1871 2813 sed

337 2848 470 2886 etiam
493 2847 807 2897 Meyinhardus,
835 2857 901 2886 om
919 2847 1013 2885 Bbc.
1157 2851 1224 2885 20.
1262 2847 1360 2885 illos
1383 2844 1476 2900 Ccss,
1505 2847 1612 2886 istos
1629 2847 1701 2886 Bb.
1765 2856 1874 2885 con-

337 2918 425 2957 sios
447 2920 574 2968 putat
599 2916 640 2956 C.
763 2921 830 2957 ⁹2⁴.
869 2916 1119 2956 observatio
1149 2928 1204 2957 επ
1227 2918 1477 2968 ορεθιὟᾶῒίο
1502 2929 1600 2957 corr
1622 2918 1657 2956 b.
1723 2916 1872 2967 auspi-

337 2990 500 3027 tiorum
533 2987 573 3028 C.
