2048 3275
813 257 1075 291 anamma,
1693 247 1723 295 5

178 399 369 450 laboris
417 407 568 464 atque
608 408 822 464 operum
875 415 976 448 non
1017 399 1197 449 eadem
1253 403 1524 466 patientia;
1573 403 1728 452 mini-

180 508 366 557 meque
407 493 543 542 sitim
583 500 886 556 aestumque
926 492 1168 555 tolerare,
1229 492 1411 559 frigora
1451 502 1604 559 atque
1645 496 1727 544 in-

177 584 349 635 ediam
389 585 528 635 caelo
569 584 741 634 solove
781 593 1073 634 assuerunt.

286 686 420 727 terra
461 678 554 727 etsi
595 678 856 742 aliquanto
896 679 1065 743 specie
1094 676 1278 740 differt,
1328 681 1378 728 in
1419 681 1721 731 universum

175 778 347 820 tamen
387 779 474 820 aut
513 771 656 820 silvis
707 769 911 819 horrida
952 778 1038 820 aut
1077 770 1356 836 paludibus
1403 772 1577 836 foeda,
1626 774 1724 825 liu—

177 863 363 913 midior
401 880 500 928 qua
541 863 744 925 Gallias,
792 865 1049 913 ventosior
1087 880 1186 928 qua
1215 865 1455 914 Noricum
1495 883 1554 915 ac
1595 868 1723 916 Pan-

176 957 382 1005 noniam
423 957 632 1020 aspicit,
689 958 812 1005 satis
853 956 1018 1019 ferax,
1079 956 1440 1023 frugiferarum
1479 959 1721 1010 arborum

173 1050 476 1114 impatiens,
532 1065 777 1115 pecorum
828 1049 1076 1112 fecunda,
1134 1049 1227 1099 sed
1266 1051 1572 1117 plerumque
1625 1054 1722 1102 im-

173 1158 403 1207 procera.
461 1159 524 1192 ne
565 1144 810 1192 armentis
837 1141 1048 1206 quidem
1087 1159 1213 1192 suus
1241 1144 1402 1192 honor
1440 1154 1527 1195 aut
1565 1147 1719 1212 gloria

174 1235 380 1285 frontis:
438 1252 651 1286 numero
690 1235 933 1301 gaudent,
991 1252 1186 1300 eaeque
1227 1236 1364 1286 solae
1404 1246 1453 1286 et
1491 1241 1721 1304 gratissi-

173 1344 286 1378 mae
339 1344 462 1393 opes
500 1337 637 1381 sunt.
707 1337 977 1394 argentum
1018 1338 1068 1379 et
1106 1345 1291 1379 aurum
1341 1332 1613 1395 propitiine
1654 1350 1719 1383 an

173 1422 283 1470 irati
324 1420 395 1471 dii
436 1423 739 1488 negaverint
765 1421 963 1472 dubito.
1014 1438 1110 1472 nec
1150 1430 1322 1472 tamen
1354 1423 1718 1475 affirmaverim

172 1515 367 1564 nullam
418 1515 722 1565 Germaniae
772 1531 957 1565 venam
1007 1523 1275 1581 argentum
1338 1533 1589 1568 aurumve
1640 1520 1717 1584 gi-

170 1623 359 1672 gnere:
403 1610 518 1672 quis
558 1609 694 1657 enim
736 1616 990 1658 scrutatus
1017 1610 1129 1658 est?
1170 1612 1491 1674 possessione
1532 1619 1582 1660 et
1620 1628 1717 1662 usu

169 1699 309 1749 haud
367 1700 583 1766 perinde
641 1701 954 1751 afficiuntur.
1041 1710 1118 1751 est
1174 1701 1351 1752 videre
1409 1703 1549 1768 apud
1608 1705 1718 1755 illos

165 1801 408 1858 argentea
449 1810 586 1858 vasa,
634 1794 812 1859 legatis
851 1802 901 1843 et
939 1795 1260 1860 principibus
1300 1813 1476 1846 eorum
1515 1800 1716 1848 muneri

166 1884 301 1947 data,
348 1902 450 1935 non
490 1888 541 1936 in
581 1887 677 1936 alia
719 1888 912 1937 vilitate
952 1903 1107 1952 quam
1141 1905 1273 1954 quae
1314 1882 1718 1955 humo'fingzun-

166 1986 277 2028 tur:
340 1995 654 2044 quamquam
706 1982 923 2046 proximi
973 1981 1038 2030 ob
1088 1998 1241 2032 usum
1293 1985 1714 2033 commerciorum

163 2088 353 2122 aurum
409 2081 459 2122 et
515 2081 783 2139 argentum
844 2075 894 2123 in
953 2076 1115 2139 pretio
1174 2075 1366 2125 habent
1424 2076 1714 2142 formasque

164 2165 419 2229 quasdam
459 2174 661 2216 nostrae
689 2169 939 2233 pecuniae
980 2176 1264 2234 agnoscunt
1301 2176 1454 2233 atque
1483 2170 1707 2236 eligunt;

282 2311 320 2348 8.
358 2310 475 2361 palia
506 2321 561 2360 pr
583 2322 617 2357 c,
663 2309 785 2362 palia
819 2309 872 2351 οἳ.
1068 2315 1106 2352 9.
1145 2313 1274 2370 satim
1302 2313 1583 2353 —tollerare
1611 2313 1652 2354 C.

164 2398 234 2434 40.
261 2396 388 2435 coelo
405 2397 440 2436 b.
524 2396 646 2435 solve
661 2409 695 2442 c,
722 2395 821 2437 -vc'
835 2396 888 2437 οἳ.
998 2364 1298 2445 assuemlr'st'ss,
1324 2403 1624 2439 assueuerunt
1645 2399 1709 2440 Cc.

281 2470 321 2514 5,
351 2470 387 2506 4.
425 2468 563 2519 spetic
588 2479 622 2507 c.
774 2472 812 2507 2.
851 2468 948 2508 seda
976 2469 1045 2508 Bb.
1189 2474 1227 2509 3.
1265 2470 1354 2521 qua
1375 2483 1409 2510 c.
1476 2471 1633 2519 Gallia,
1656 2483 1714 2523 pr

164 2537 331 2578 Gallias
353 2539 389 2578 b.
458 2537 490 2598 Q
511 2551 546 2579 c.
606 2542 679 2578 aut
701 2538 743 2580 C.
840 2542 876 2579 4.
905 2539 1024 2580 ferax
1043 2552 1108 2580 om
1127 2540 1170 2581 C.
1265 2545 1304 2581 5.
1333 2543 1520 2593 inpaties
1537 2541 1578 2583 C.
1635 2554 1714 2594 pe-

160 2599 327 2680 coudum
343 2624 378 2664 b.
433 2624 650 2664 foecunda
678 2624 743 2665 Cr.
810 2625 1061 2678 plerunque
1087 2627 1319 2679 inprocera
1344 2639 1379 2667 c.
1415 2630 1635 2679 {procera
1666 2629 1707 2670 C.

279 2713 318 2749 7.
355 2722 496 2761 ecque
526 2711 571 2756 b,
615 2710 767 2763 Eeque
802 2712 856 2757 B,
892 2709 1006 2763 efflq:
1050 2712 1102 2759 C,
1151 2715 1311 2763 eatque
1336 2723 1369 2752 c.
1445 2690 1578 2766 (sepes
1604 2714 1649 2754 B.

279 2786 317 2821 8.
353 2783 530 2834 propitii
549 2783 615 2824 Cc.
737 2786 777 2823 9.
805 2782 1047 2834 negauerat
1078 2783 1118 2825 C.
1225 2787 1292 2823 41.
1319 2787 1363 2824 et
1385 2784 1478 2826 ch.
1505 2786 1639 2824 etiam
1662 2786 1707 2825 B.

249 2871 317 2908 42.
353 2871 428 2907 aut
464 2867 507 2909 C.
563 2834 758 2920 *ppgiinde
790 2869 834 2915 B,
879 2869 1067 2921 proinde.
1107 2868 1172 2910 Cc.
1339 2872 1402 2909 44.
1443 2871 1638 2919 fingutur
1670 2872 1706 2910 b.

244 2941 311 2977 ⁴5.
348 2949 446 2978 sum
468 2938 508 2979 C.
554 2940 923 2979 commertiorum
951 2939 1016 2981 Cc.
1126 2943 1193 2979 ⁴6.
1231 2941 1382 2992 precio
1409 2942 1453 2982 B.
1491 2943 1630 2994 pretio
1657 2940 1704 2987 G,

153 3010 323 3059 praetio
345 3020 384 3049 c.

1760 595 1806 630 to

1753 1532 1802 1567 40

1753 1999 1799 2035 ⁴5
