2048 3275
367 240 467 289 146
863 252 925 286 DE
965 226 1121 286 BELLo
1163 251 1394 286 scrrfflco

365 394 806 445 administratione
847 394 958 442 eius
995 392 1119 441 belli
1158 392 1298 455 obiit,
1343 389 1639 441 labentibus
1678 393 1781 440 iam
1816 391 1907 440 filii

366 486 595 537 moribus
634 485 699 535 ab
748 486 978 535 instituto
1020 501 1130 534 suo,
1219 484 1439 533 triennio
1487 483 1684 533 bellum
1734 492 1909 548 postea

368 595 485 629 cum
524 579 895 627 Marcomannis
944 575 1322 626 Hermunduris
1385 577 1654 640 Sarmatis,
1719 575 1911 633 Quadis

314 684 335 719 ὃ
370 673 522 720 etiam
564 670 692 734 egit,
740 677 790 718 et
827 670 869 718 si
909 685 1042 719 anno
1081 685 1185 718 uno
1235 667 1575 732 superfuisset
1623 667 1914 731 provincias

370 779 435 812 ex
471 763 552 811 his
590 760 812 810 fecisset.

275 860 343 904 28
381 894 390 902 .
426 894 435 903 .
475 892 485 902 .
531 869 648 903 cum
688 859 947 918 aegrotare
987 853 1253 917 coepisset,
1307 852 1470 901 filium
1518 850 1787 901 advocavit
1837 859 1915 900 at-

373 962 473 1011 que
522 945 587 995 ab
639 961 697 994 eo
743 946 968 1010 primum
1018 945 1165 1009 petiit
1223 952 1280 993 ut
1330 943 1452 992 belli
1501 944 1744 1008 reliquias
1811 959 1914 992 non

373 1045 739 1101 contemneret,
785 1053 850 1086 ne
877 1036 1143 1085 videretur
1180 1035 1553 1100 rempublicam
1586 1035 1823 1100 prodere.
1868 1042 1916 1084 et

373 1146 491 1180 cum
518 1129 654 1179 filius
681 1130 726 1177 ei
765 1128 1119 1193 respondisset
1146 1144 1336 1193 cupere
1376 1144 1430 1176 se
1458 1129 1684 1192 primum
1723 1128 1916 1177 sanita-

372 1231 493 1282 tem,
538 1230 597 1271 ut
630 1222 786 1270 vellet
822 1222 1073 1285 permisit,
1117 1228 1299 1286 petens
1338 1227 1508 1269 tamen
1546 1227 1602 1269 ut
1641 1228 1916 1284 expectans

374 1330 564 1381 paucos
590 1313 716 1363 'dies
755 1313 879 1363 haut
917 1313 1069 1362 simul
1109 1312 1536 1378 proficisceretur.

281 1414 348 1457 29
386 1447 395 1455 .
430 1446 440 1456 .
479 1445 489 1455 .
523 1414 639 1456 ante
678 1414 884 1470 tempus
911 1421 1035 1454 sane
1064 1406 1255 1467 mortiS,
1301 1406 1604 1469 priusquam
1633 1402 1698 1452 ad
1723 1403 1915 1451 bellum

376 1499 840 1549 Marcomannicum
879 1496 1087 1560 rediret,
1134 1498 1187 1545 in
1214 1496 1457 1560 Capitolio
1498 1496 1685 1546 iuravit
1715 1495 1915 1544 nullum

380 1598 667 1641 senatorem
706 1606 760 1640 se
801 1591 991 1639 sciente
1031 1590 1274 1638 occisum.

617 1831 701 1880 DE
740 1831 940 1879 BELLO
982 1830 1293 1880 SCYTHICO
1343 1829 1684 1880 EXCERPTA

695 1929 774 1969 Ex
805 1931 934 1969 lun
968 1930 1275 1971 CAP1TOL1N1
1306 1930 1614 1970 MAXnnNIS.

328 2065 351 2107 1
495 2052 802 2100 Maximinus
865 2051 1035 2099 senior
1092 2050 1190 2099 sub
1252 2048 1544 2100 Alexandro
1620 2050 1924 2114 imperatore

310 2196 313 2198 ,
385 2144 583 2207 enituit,
630 2143 847 2192 militare
888 2149 1059 2191 autem
1099 2142 1197 2191 sub
1237 2144 1426 2192 Severo
1466 2143 1648 2206 coepit.
1739 2142 1819 2190 hic
1857 2140 1921 2190 de

383 2238 495 2285 vico
535 2236 811 2298 Threiciae,
858 2235 1025 2283 vicino
1064 2234 1313 2299 barbariS,
1347 2234 1565 2283 barbaro
1602 2235 1754 2283 etiam
1779 2241 1923 2298 patre

386 2335 436 2376 et
472 2335 632 2377 matre
672 2327 901 2392 genitUS,
949 2341 1166 2390 quorum
1207 2326 1333 2375 alter
1372 2343 1398 2375 e
1439 2327 1642 2390 Gothia,
1698 2325 1824 2375 alter
1863 2341 1923 2374 ex

506 2494 573 2538 27,
611 2493 650 2530 2.
688 2489 778 2529 obii
800 2490 849 2529 Β.
1031 2491 1069 2527 4.
1105 2488 1426 2540 hermynduris
1447 2490 1496 2528 B.

503 2564 572 2609 28,
609 2564 647 2600 2.
683 2561 795 2612 petit
883 2558 991 2598 uelli
1014 2560 1063 2606 B,
1099 2570 1198 2600 corr
1219 2561 1265 2599 P.
1426 2563 1465 2599 3.
1501 2560 1851 2611 condempneret
1872 2561 1921 2608 Β,

390 2634 726 2683 contempneret
747 2632 793 2670 P.
886 2634 1039 2670 narrat
1061 2631 1203 2671 Aelius
1225 2631 1495 2679 Lampridius
1520 2632 1564 2670 in
1590 2630 1809 2671 Commodo
1839 2643 1873 2670 c.
1902 2635 1923 2670 3

388 2703 559 2742 bellum
582 2702 732 2750 etiam,
760 2701 881 2752 quod
913 2704 1039 2752 pater
1059 2712 1201 2752 paene
1225 2700 1492 2749 confecerat,
1530 2700 1704 2751 legibus
1725 2701 1921 2741 hostium

390 2773 598 2812 addictus
620 2772 795 2811 remisit
815 2783 866 2811 ac
887 2772 1071 2811 Romam
1093 2782 1302 2811 reversus
1325 2774 1406 2811 est.
1444 2771 1552 2820 conf.
1577 2772 1806 2813 Herode'ani
1826 2773 1922 2812 hist.

393 2847 429 2891 ιι,
456 2846 495 2882 6.
531 2844 611 2883 Dio
635 2845 702 2890 72,
731 2845 855 2881 4-3,

504 2915 573 2961 29,
611 2915 648 2951 2.
685 2913 1102 2951 marcumannicum
1123 2913 1173 2951 B.
1354 2914 1392 2951 3.
1429 2913 1644 2951 scientem
1666 2913 1716 2952 Β.

506 2987 545 3031 4,
583 2986 621 3022 3.
664 2983 801 3022 uicini
822 2984 911 3031 BP,
979 2992 1077 3022 corr
1109 2982 1392 3023 Casaubonus.
