2048 3275
398 174 492 220 100
847 188 872 218 E
903 186 1050 218 PLINH
1083 184 1238 229 umus
1266 184 1455 217 V1—xl.

392 327 456 376 ob
496 326 546 376 id
586 326 952 390 retrograditur
1002 327 1054 373 in
1092 323 1350 389 pascendo
1399 340 1464 372 ne
1514 325 1569 372 in
1605 325 1773 389 priora
1812 331 1929 372 ten-

392 418 521 468 dens
567 418 873 467 involvatur.

286 518 361 556 1425
405 512 500 577 461)
550 527 703 559 canes
743 509 1022 559 defendere
1063 509 1282 558 Cimbris
1320 510 1481 557 caesis
1519 507 1702 557 domus
1751 523 1926 556 eorum

330 653 361 690 K,
393 604 635 668 plaustris
675 604 937 667 inpositas.

312 687 361 747 525
424 697 502 758 Ξῖ)
556 697 742 744 mirum
782 697 834 742 in
873 695 966 742 hac¹
1005 694 1119 742 alite
1169 692 1380 759 (ansere)
1445 708 1470 741 a
1510 694 1714 741 Morinis
1763 707 1930 755 usque

395 789 608 836 Romam
634 786 858 852 pedibus
895 787 1091 834 venire.
1156 785 1277 834 fessi
1328 784 1657 851 proferuntur
1707 784 1773 832 ad
1819 785 1930 848 pri-

398 896 534 942 mos7
595 881 660 928 ita
700 880 855 927 ceteri
893 879 1162 942 stipatione
1215 878 1433 926 naturali
1483 877 1773 942 propellunt
1820 892 1923 924 eos.

397 971 731 1021 candidorum
772 971 990 1019 alterum
1033 971 1243 1035 vectigal
1295 971 1347 1018 in
1398 971 1590 1034 pluma.
1669 968 1933 1016 velluntur

341 1076 361 1110 5
397 1063 708 1127 quibusdam
754 1064 876 1111 locis
915 1062 994 1111 bis
1034 1079 1185 1110 anno.
1268 1079 1445 1111 rursus
1493 1062 1766 1126 plumigeri
1813 1076 1934 1108 ves—

398 1158 613 1204 tiuntur.
707 1155 904 1203 mollior
952 1169 1082 1217 quae.
1134 1155 1331 1219 corpori
1380 1156 1611 1219 proxima
1651 1162 1699 1201 et
1739 1169 1765 1201 e
1805 1154 1935 1201 Ger-

401 1249 567 1296 mania
607 1246 975 1296 laudatissima.
1057 1246 1263 1295 candidi
1313 1246 1412 1310 ibi,
1469 1262 1649 1295 verum
1689 1247 1924 1306 minores,

317 1352 366 1389 4
401 1349 580 1405 gantae
635 1348 897 1388 vocantur.
965 1340 1187 1403 pretium
1226 1339 1432 1402 plumae
1471 1354 1647 1387 eorum
1686 1339 1738 1385 in
1776 1336 1934 1384 libras

399 1431 595 1481 denarii
637 1433 800 1495 quini.
870 1439 918 1480 et
957 1430 1077 1480 inde
1118 1432 1329 1479 crimina
1368 1431 1673 1495 plerumque
1713 1429 1933 1477 auxilio—

400 1540 511 1573 rum
552 1523 837 1588 praefectis,
873 1540 901 1571 a
938 1523 1078 1587 vigili
1106 1524 1320 1572 statione
1361 1523 1426 1571 ad
1454 1524 1577 1571 haec
1605 1522 1821 1585 aucupia
1853 1519 1934 1568 di-

402 1617 569 1665 missis
596 1616 886 1664 cohortibus
926 1617 1057 1681 totis,
1105 1631 1267 1679 eoque
1308 1614 1520 1664 deliciae
1546 1629 1839 1678 processere
1879 1621 1932 1661 ut

346 1725 366 1759 5
402 1711 510 1758 sine
550 1710 644 1757 hoe
683 1710 1020 1757 instrumento
1061 1707 1246 1756 durare
1288 1709 1384 1756 iam
1427 1723 1490 1755 ne
1540 1708 1766 1755 virorum
1817 1706 1934 1769 qui-

405 1801 523 1849 dem
563 1802 789 1850 cervices
815 1801 1028 1864 possint.

320 1906 368 1944 72
414 1894 509 1956 35)
577 1893 769 1942 abeunt
809 1900 856 1940 et
895 1893 1122 1941 merulae
1176 1891 1416 1955 turdique
1469 1900 1518 1940 et
1568 1892 1731 1940 sturni
1782 1891 1935 1939 simili

404 1985 551 2034 inodo
592 1988 641 2033 in
685 1987 866 2033 vicina.
937 1984 1028 2033 sed
1067 1986 1118 2032 hi
1158 1984 1385 2048 plumam
1429 2000 1529 2031 non
1567 1984 1805 2031 amittunt
1843 1998 1938 2030 nec

403 2078 740 2139 occultantur,
787 2079 882 2126 visi
921 2093 1074 2141 saepe
1114 2077 1185 2124 ihi
1225 2092 1325 2139 quo
1365 2076 1640 2124 hibernum
1688 2074 1936 2139 pabulum

404 2179 600 2234 petunt.
688 2171 857 2232 itaque
908 2170 960 2216 in
1010 2169 1280 2217 Germania
1332 2169 1496 2215 hieme
1542 2168 1762 2216 maxime
1802 2166 1936 2215 turdi

405 2271 701 2310 cernuntur.

268 2368 372 2406 -te
432 2356 512 2419 67)
564 2356 614 2402 in
655 2355 903 2422 Hercynio
944 2353 1245 2402 Germaniae
1287 2353 1418 2400 saltu
1458 2352 1714 2400 invisitata
1753 2366 1937 2414 genera

520 2498 586 2544 554,
620 2500 659 2534 t.
686 2496 839 2547 plurae
865 2496 927 2542 ΡΙ,
963 2495 1089 2546 plura
1112 2496 1157 2533 R.
1347 2497 1386 2533 2.
1421 2494 1687 2533 auxiliorum
1713 2490 1776 2539 1³2,
1812 2492 1941 2530 auxi-

407 2567 512 2605 {inm
534 2578 580 2606 x.
761 2570 799 2605 6.
837 2570 1020 2618 possunt
1047 2566 1157 2604 ΕΓΒ.

522 2641 587 2683 72,
632 2642 664 2675 t.
702 2638 892 2676 abeunte
915 2637 1022 2676 FlR.

527 2711 617 2747 5312.
655 2708 822 2747 Solinus
845 2712 912 2755 20,
941 2712 960 2746 3
996 2708 1139 2746 Saltus
1174 2707 1420 2757 Hercynius
1452 2715 1556 2744 aves
1589 2704 1725 2754 gignit
1747 2715 1939 2754 quarum

408 2789 578 2829 pennae
601 2789 679 2829 per
699 2778 939 2818 obscurum
958 2780 1147 2817 emicant
1172 2782 1216 2816 et
1238 2777 1520 2823 interlucent,
1538 2775 1740 2826 quamvis
1759 2774 1939 2813 obtenta

411 2861 492 2887 nox
515 2849 670 2887 denset
692 2849 912 2889 tenebras.
958 2849 1076 2888 unde
1101 2849 1304 2887 homines
1328 2848 1411 2886 loci
1436 2846 1552 2885 illius
1574 2845 1837 2897 plerumque
1860 2856 1942 2883 no-

407 2925 587 2959 cturnos
620 2930 830 2959 excursus
862 2921 923 2958 sic
947 2920 1168 2958 destinant
1200 2923 1245 2957 ut
1272 2919 1356 2957 illis
1378 2921 1558 2957 utantur
1590 2917 1645 2956 ad
1668 2916 1939 2967 praesidium
