2048 3275
396 171 459 220 80
778 188 804 219 E
834 187 1068 220 ponpoxn
1096 188 1253 232 MELAE
1283 188 1425 222 Lumo
1478 189 1557 234 111.-

393 326 534 374 ribus
560 326 707 390 longe
736 326 938 390 lateque
967 326 1202 390 diffusae,
1245 328 1407 392 primo
1435 327 1501 376 ad
1529 331 1928 393 septentrionem

394 434 575 482 magno
602 417 763 482 gradu
791 426 1084 482 excurrunt,
1120 418 1310 468 deinde
1337 420 1427 469 ubi
1442 421 1768 470 Germaniam
1795 422 1929 471 adti-

394 518 591 574 gerunt,
635 527 783 559 verso
822 512 1000 575 inpetu
1025 512 1079 559 in
1117 512 1365 560 orientem
1403 512 1598 561 abeunt
1635 513 1931 578 diremptis-

394 619 493 666 que
522 603 726 667 populis
755 602 1050 651 inmanibus
1072 618 1236 667 usque
1266 606 1318 652 in
1347 605 1608 654 Thraciam
1634 614 1924 669 penetrant.

251 702 297 745 5.
321 707 369 743 74
503 695 677 758 Gallia‚
723 698 982 744 Lemanno
1021 695 1135 744 lacu
1174 704 1224 743 et
1249 695 1555 745 Cebennicis
1592 698 1852 748 montibus
1879 701 1932 747 in

397 787 496 836 duo
536 788 692 836 latera
732 787 899 836 divisa
939 795 1090 850 atque
1131 788 1287 836 altero
1327 790 1545 837 Tuscum
1583 790 1795 854 pelagus
1841 790 1935 840 ad-

394 882 594 945 tingens
634 881 790 929 altero
829 877 1119 942 Oceanum,
1177 880 1258 929 hic
1297 897 1322 929 a
1363 882 1491 929 Varo
1532 882 1632 930 illic
1678 898 1705 930 a
1755 883 1931 932 Rheno

395 972 458 1020 ad
496 973 812 1035 Pyrenaeum
852 987 1016 1035 usque
1055 973 1385 1035 permittitur.
1451 989 1570 1037 pars
1610 981 1776 1023 nostro
1805 976 1931 1023 mari

395 1063 623 1128 adposita
673 1064 780 1129 {fuit
818 1063 1092 1127 aliquando
1132 1066 1355 1128 Bracata,
1401 1081 1538 1114 nunc
1563 1066 1924 1133 Narbonensis)

394 1163 469 1205 est
507 1157 667 1221 magis
707 1157 838 1205 culta
879 1164 928 1204 et
965 1157 1125 1221 magis
1165 1158 1353 1205 consita
1376 1156 1593 1221 ideoque
1633 1159 1785 1207 etiam
1825 1159 1930 1208 lae—

310 1263 359 1297 79
393 1250 505 1297 tior.
555 1288 564 1296 .
603 1287 612 1295 .
648 1288 657 1297 .
703 1248 979 1297 Rhodanus
1031 1265 1133 1296 non
1182 1249 1329 1313 longe
1369 1249 1433 1297 ab
1473 1250 1623 1298 Histri
1661 1251 1928 1315 Rhenique

392 1341 616 1389 fontibus
655 1342 844 1406 surgit:
889 1341 1008 1390 dein
1048 1344 1307 1390 Lemanno
1346 1341 1458 1390 lacu
1505 1350 1741 1406 acceptus
1789 1350 1930 1391 tenet

394 1435 623 1497 inpetum
664 1449 821 1496 seque
859 1450 953 1497 per
991 1433 1220 1482 medium
1258 1435 1455 1499 integer
1491 1450 1662 1498 agens,
1708 1443 1929 1498 quantus

393 1527 550 1589 venit,
597 1525 874 1591 egreditur,
922 1535 966 1574 et
1008 1526 1129 1575 inde
1170 1533 1341 1575 contra
1379 1527 1430 1574 in
1483 1526 1797 1575 occidentem
1837 1527 1931 1575 ab-

391 1619 521 1667 latus
561 1617 878 1681 aiiquamdiu
936 1618 1121 1667 Gallias
1163 1618 1372 1667 dirimit.

1005 1810 1036 1849 E
1072 1810 1227 1849 LIBRO
1251 1811 1322 1850 III.

503 1941 511 1949 .
551 1941 559 1949 .
598 1941 606 1950 .
650 1901 885 1965 Varduli,
940 1919 1043 1951 una
1095 1919 1218 1967 gens
1257 1903 1375 1950 hinc
1426 1902 1491 1951 ad
1542 1904 1783 1967 Pyrenaei
1823 1904 1925 1968 iugi

391 1996 803 2059 promunturium
841 1996 1122 2059 pertinens7
1169 1994 1326 2043 cludit
1364 1995 1651 2058 Hispanias.

267 2103 298 2144 2
330 2109 372 2143 16
504 2089 745 2151 Sequitur
785 2088 973 2136 Galliae
1013 2088 1143 2136 latus
1184 2087 1416 2150 alterum,
1463 2088 1606 2135 cuius
1645 2103 1730 2135 ora
1757 2088 1919 2152 primo

394 2180 517 2227 nihil
555 2195 823 2244 progressa
863 2181 914 2227 in
954 2180 1127 2242 altum,
1170 2195 1290 2226 mox
1317 2178 1638 2228 tantumdem
1664 2195 1828 2243 paene
1868 2182 1918 2228 in

390 2272 599 2336 pelagus
639 2271 892 2320 excedens
942 2279 1190 2335 quantum
1242 2279 1374 2319 retro
1424 2272 1665 2335 Hispania
1716 2271 1924 2321 absces-

391 2372 539 2427 serat>
587 2364 899 2413 Cantabricis
950 2364 1003 2412 fit
1051 2363 1266 2413 adversa
1315 2364 1461 2412 terris
1501 2371 1549 2411 et
1596 2363 1775 2427 grandi
1825 2366 1925 2412 cir-

392 2458 531 2505 cuitu
562 2456 761 2505 adssexa
803 2456 868 2506 ad
906 2456 1221 2505 occidentem
1261 2456 1378 2504 litus
1406 2455 1643 2504 advertit.
1709 2464 1831 2504 tunc
1857 2455 1922 2504 ad

393 2550 763 2612 septentriones
803 2564 1046 2597 conversa
1086 2550 1271 2596 iterum
1310 2548 1456 2612 longo
1497 2555 1734 2610 rectoque
1761 2554 1923 2595 tractu

308 2645 356 2679 20
392 2640 456 2688 ad
496 2642 631 2705 ripas
682 2641 843 2689 Rheni
884 2641 1048 2688 amnis
1089 2638 1433 2703 expanditur.
1471 2678 1480 2686 .
1518 2678 1527 2686 .
1585 2640 1720 2703 regio
1768 2654 1921 2702 quam

505 2856 571 2899 79,
610 2855 645 2890 4.
686 2853 838 2891 histria
873 2852 1146 2902 archenique
1171 2853 1248 2891 Am.

510 2927 541 2962 ε.
577 2922 765 2961 vai-duni
799 2926 869 2962 Aet
890 2933 971 2961 non
995 2924 1099 2962 nulli
1124 2923 1210 2962 alii.
